4258 6258
1053 347 1110 422 ras
1153 309 1161 402 ἑ

933 447 1233 462 'mu-...pm

253 361 315 424 llll
338 363 462 426 diffidi
1643 375 1689 420 na
1712 371 1914 432 coumaacns

254 545 330 600 sultis
349 541 513 612 principibus
526 537 636 594 institui.
664 557 725 610 ergo
740 543 767 594 et
782 539 851 608 exigi
865 539 971 610 aliquid,
988 539 1059 612 quod
1107 527 1218 610 propria
1236 537 1404 592 comitentur.
1439 539 1489 594 bos
1515 541 1584 596 enim
1605 543 1774 594 mercaturae
1790 539 1913 600 insisten-

253 613 343 668 illlssiie
361 613 497 680 Ρῡιιιιῑιι,
516 611 667 678 competens
685 609 765 662 iudex
782 609 882 662 vetabit
899 613 925 662 et
942 609 969 662 id
986 609 1058 678 quod
1107 613 1147 660 tes
1161 623 1215 660 non
1232 607 1361 662 immerito
1380 621 1434 660 una
1451 623 1509 662 cum
1525 609 1574 674 his,
1590 623 1650 662 oum
1664 609 1760 676 quibus
1775 611 1912 666 contrane.

254 685 376 736 exactum
393 679 510 742 videtur,
536 675 558 732 si
581 681 674 732 contra
691 675 822 731 rationem
839 677 905 730 iuris
923 681 1058 732 extortum
1107 675 1254 814 plirlrggupum
1271 675 1432 742 resederint,
1457 693 1544 744 poena
1561 677 1640 732 buius
1659 675 1913 816 appatiippizepefflg]

255 753 302 814 est,
320 747 425 802 restitui
443 745 552 802 iubebit.

1142 809 1159 868 5
1181 811 1267 866 ⁸Itiem
1283 811 1339 864 ΛΑ.
1356 811 1435 864 Aetio
1448 829 1498 882 pu.
1527 813 1655 868 Cessante
1673 813 1743 866 omni
1761 813 1912 884 ambitione,

287 813 392 888 timp.
414 813 606 870 Constantinus
622 815 653 870 Α,
678 811 716 866 ad
732 811 848 866 Felicem
863 831 914 884 pp.
950 813 978 866 Si
995 829 1058 882 pro·

254 885 404 938 vincialium
427 886 579 936 nostrorum
602 879 719 950 querella
741 879 774 934 da
792 879 985 936 conductorum
1003 883 1057 936 ari-
1109 879 1180 936 omni
1197 879 1305 932 licentia
1324 879 1528 948 quingentorum
1546 881 1683 948 sexaginta
1695 881 1776 934 trium
1791 883 1913 952 collegia-

254 953 335 1008 ditate
360 951 478 1008 extiterit
503 957 531 1006 et
555 951 698 1020 probatum
725 947 806 1002 fuerit
833 949 903 1002 ultra
926 953 1058 1004 vetustam
1106 955 1196 1004 torum
1213 963 1338 1002 numerus
1357 951 1464 1002 maneat
1481 949 1600 1018 nullique
1617 949 1659 1002 his
1677 949 1793 1002 addendi
1810 955 1913 1008 mutan-

254 1017 469 1076 cousuetudinem
492 1025 518 1074 et
541 1023 649 1074 nostrae
668 1017 796 1070 terminos
813 1017 939 1072 iussionis
957 1017 1058 1085 aliquid

254 1105 298 1144 eos
316 1087 478 1158 profligasse,
496 1089 534 1142 rei
551 1085 620 1142 tanti
638 1083 753 1140 criminis
768 1089 897 1154 perpetuo
916 1085 993 1140 exilio
1008 1103 1056 1156 pu·

254 1157 369 1212 riantur.
410 1157 459 1212 sub
485 1153 672 1224 conspectibus
702 1157 791 1206 autem
816 1153 870 1206 tuis
893 1155 933 1206 sel
957 1169 1056 1218 eorum,

254 1225 298 1292 qui
314 1227 376 1280 tuae
393 1223 518 1292 gravitati
536 1221 690 1288 succedunt,
714 1219 869 1276 licitationis
888 1237 953 1276 cura
970 1237 1056 1276 serre·

253 1301 303 1348 tur.
339 1293 394 1350 ΡΡ.
419 1305 462 1348 rm
476 1291 512 1344 id.
530 1289 614 1344 Mart.
635 1287 805 1362 Cartbagine.
860 1295 893 1354 [a.
914 1295 1056 1356 ιιι-336]

597 1497 714 1558 axilis

341 1599 387 1650 aa
406 1597 616 1650 commanens
634 1597 678 1648 aa
697 1595 965 1650 sensissemus.

287 1699 300 1758 1
323 1699 423 1770 timpp.
448 1697 654 1752 Valentinianus
675 1703 702 1752 et
726 1695 825 1750 Valens
842 1697 897 1752 ΛΑ.
916 1697 954 1754 acl
970 1697 1056 1752 Iulia*

251 1785 314 1824 aum
340 1767 462 1824 comitam
488 1765 627 1822 Orientisl.
671 1765 871 1834 Negotiantes,
905 1767 926 1820 si
953 1767 997 1836 qui
1022 1767 1056 1820 ad

251 1837 357 1892 domum
380 1839 499 1890 nostram
522 1833 669 1902 pertinent,
692 1833 828 1902 potiorum
851 1851 954 1902 quoque
970 1835 1055 1890 bomi-

251 1925 299 1966 nes
321 1911 506 1966 necessitatem
539 1903 654 1958 debitam
689 1901 856 1972 pensionum,
881 1905 912 1956 ut
929 1903 1056 1958 honestas

250 1977 381 2042 postulat,
416 1985 561 2040 agnoscere
593 1975 765 2036 moneantur,
801 1973 831 2024 ut
860 1987 909 2040 per
935 1977 1054 2038 cunctos,

267 2041 295 2094 ui
312 2039 488 2096 emolumenta
509 2037 733 2106 negotiationibus
755 2043 878 2108 captant,
902 2039 1055 2094 tolerabiles

249 2059 315 2164 iant
348 2109 532 2178 agnoscendae
566 2107 712 2162 devotionis
739 2107 858 2160 effectus.
902 2105 937 2162 ti.
961 2123 1004 2162 rr
1026 2107 1053 2164 lc.

249 2177 315 2232 Mai.
339 2175 575 2278 faustantinopoli
598 2175 659 2232 aliua
683 2175 799 2232 Ioviano
826 2181 854 2230 et
881 2175 1053 2310 Varroniagm]

251 2263 336 2300 conss.
941 2251 975 2310 [a.
995 2251 1044 2300 34

284 2313 396 2370 2Itlem
413 2313 468 2368 ΑΑ.
491 2319 519 2368 et
536 2309 685 2366 Gratianus
707 2313 738 2364 A.
760 2311 873 2366 Tatiauo
898 2313 989 2366 comiti
1011 2329 1055 2366 sa·

250 2399 357 2436 marum
384 2379 566 2452 largitionum.
611 2379 671 2434 Non
698 2379 784 2434 solum
810 2395 905 2434 aumm
932 2379 1054 2436 barbaris

250 2451 354 2504 mimme
371 2449 540 2520 praebeatur,
563 2449 609 2502 sed
627 2447 706 2502 etiam
724 2447 746 2502 si
764 2447 836 2518 apud
854 2463 900 2502 eos
918 2449 1054 2502 inventum

249 2517 341 2584 luerit,
365 2517 456 2572 subtili
479 2515 618 2568 auferatur
634 2515 748 2582 ingenio.
785 2517 808 2570 si
829 2517 941 2572 ulterius
959 2533 1054 2572 aurum

249 2603 297 2656 pro
320 2583 458 2652 mancipiis
482 2583 523 2638 vel
547 2583 756 2652 quibuscumque
779 2583 918 2652 speciebus
940 2585 974 2640 ad
992 2585 1053 2640 bar-

250 2655 368 2708 baricum
386 2651 466 2706 fuerit
482 2653 675 2706 translatuma
698 2653 905 2718 mercatoribus,
929 2669 983 2706 non
1001 2653 1053 2708 iam

221 2781 223 2786 ,
249 2721 366 2788 damnis,
390 2721 437 2774 sed
460 2721 597 2802 suppliciis
614 2719 789 2788 subiugantur
797 2723 814 2784 ⁵,
839 2727 866 2774 et
889 2721 912 2776 si
928 2721 956 2776 id
973 2721 1054 2776 iudex

248 2793 381 2860 repertum
399 2805 452 2844 non
470 2787 593 2856 smdicat,
614 2793 703 2856 tegere
721 2793 751 2840 ut
770 2787 893 2844 conscius
911 2791 1053 2844 criminosa

248 2859 366 2914 festinat.
921 2863 954 2924 [a.
974 2859 1051 2922 titi]

283 2923 300 2984 3
320 2925 408 2998 impp.
419 2923 559 2978 Honorius
568 2931 596 2978 et
605 2923 835 2978 Taeouostasee.
849 2925 990 2982 Theodoro
1001 2943 1050 2998 pp.

248 2993 399 3050 Nobiliores
416 2991 550 3046 natalibus
574 2995 601 3046 et
623 2991 754 3046 honorum
771 2993 832 3048 luce
850 2995 1008 3062 conspicuos
1025 2997 1053 3048 et

248 3061 406 3132 patrimonio
434 3059 542 3116 ditiores
569 3061 745 3128 perniciosum
771 3061 882 3116 urbibus
913 3063 1050 3118 mercimo-

248 3135 320 3186 nium
338 3143 461 3186 exercere
478 3129 657 3198 prohibemus,
678 3135 708 3182 ut
724 3129 794 3182 inter
811 3129 943 3198 plebeium
962 3135 988 3184 et
1004 3147 1050 3186 no-

247 3197 420 3268 gotiatoremi
449 3195 554 3252 facilius
584 3197 619 3250 sit
644 3195 746 3252 emendi
772 3197 953 3268 vendendique
980 3215 1050 3252 com-

249 3267 381 3322 mercium.
416 3263 449 3318 D.
811 3271 844 3330 [a.
863 3271 912 3322 408
931 3267 973 3322 uel
989 3271 1049 3330 409]

280 3333 393 3390 iidem
416 3333 471 3388 ΑΛ.
495 3331 636 3386 Atttbemio
655 3351 706 3404 pp.
746 3333 912 3388 Mercatores
930 3337 985 3388 tam
1002 3333 1050 3388 irn-

246 3403 321 3522 perio
338 3405 429 3456 nostro
448 3415 526 3468 quarn
542 3399 684 3456 Persarum
706 3399 762 3468 regi
779 3401 913 3456 subiectos
932 3403 1002 3456 ultra
1019 3417 1051 3456 ea

257 3485 318 3534 oca,
350 3471 377 3522 in
409 3467 504 3536 qmbus
533 3467 648 3522 foederis
674 3471 793 3536 tempore
821 3483 882 3524 cnm
905 3475 1050 3524 memorata

245 3539 353 3594 natione
375 3537 452 3590 nobis
476 3537 612 3602 convenit,
641 3535 775 3590 nundinas
797 3553 922 3592 exercere
945 3539 1050 3594 mimate

246 3609 358 3676 oportet,
377 3619 411 3658 ne
428 3603 507 3658 aliem
524 3603 605 3672 regni,
625 3603 696 3672 quod
708 3621 763 3660 non
779 3605 909 3670 masenii,
929 3609 1049 3660 scruten-

248 3681 258 3726 1
295 3679 339 3728 tur
357 3687 465 3726 arcana.
491 3671 588 3726 Nullus
605 3671 686 3740 igitur
703 3673 817 3740 posthac
831 3673 942 3744 imperio
956 3681 1049 3730 nostro

247 3743 383 3798 numacius
417 3741 489 3794 ultra
522 3739 628 3794 Nisibin
663 3741 821 3796 Callinicum
855 3747 882 3796 ct
916 3743 1050 3796 Artaxata

246 3809 349 3864 emendi
367 3807 422 3864 sive
437 3807 567 3864 vendendi
584 3807 688 3876 species
707 3823 789 3864 causa
804 3807 939 3878 proficisci
952 3811 1050 3864 audeat

245 3893 294 3934 nec
317 3881 424 3958 praeter
448 3881 606 3930 memoratas
632 3875 752 3932 civitates
771 3893 831 3932 cum
848 3877 931 3932 Persa
948 3895 1049 3934 merces

245 3947 378 4002 exisumet
395 3945 608 4000 commutandas:
629 3945 730 4000 sciente
748 3949 861 4014 utroque
880 3945 924 4014 qui
942 3949 1048 4002 coutra-

244 4015 285 4068 bit
297 4019 323 4068 et
338 4011 450 4082 species,
467 4027 534 4082 quae
549 4017 654 4080 praeter
670 4013 738 4068 haec
753 4015 813 4068 loca
828 4013 928 4068 suenni
941 4029 1048 4068 senum-

244 4081 322 4136 datae
345 4083 387 4138 rel
410 4083 593 4148 comparatae,
617 4095 694 4134 sacro
719 4083 824 4136 aerario
848 4089 940 4138 nostro
964 4083 1048 4136 vindi-

245 4149 343 4206 candas
362 4151 388 4204 at
404 4153 512 4218 praeter
529 4165 621 4202 aarum
638 4165 670 4202 ac
688 4149 767 4218 pretii
782 4149 958 4218 amissionem,
977 4149 1049 4220 quod

244 4219 324 4272 fuerit
347 4221 513 4272 numeratum
536 4217 577 4272 rel
601 4221 804 4286 commutatum,
832 4219 903 4272 exilii
926 4233 955 4272 se
983 4235 1046 4286 poe-

244 4293 258 4340 ι
285 4301 336 4340 nae
350 4285 526 4354 sempiternae
539 4285 714 4342 subdendum.
741 4287 802 4340 Non
815 4287 940 4342 defutura
954 4293 1048 4342 contra

242 4353 343 4410 iudices
362 4369 506 4422 eorumque
524 4353 704 4422 apparitiones
721 4369 771 4422 per
788 4353 905 4422 singulos
924 4359 1047 4410 contrac—

243 4429 301 4488 tus,
343 4423 370 4476 ui
394 4425 469 4476 extra
491 4425 638 4476 memorata
661 4423 722 4476 loca
746 4421 846 4480 fuerint
869 4423 975 4492 agitati,
999 4425 1047 4476 tri-

242 4491 315 4560 ginta
326 4441 462 4544 ί(ιιιιιιιιιιι
479 4491 538 4544 auri
556 4489 789 4558 condemnatione,
815 4507 864 4560 per
885 4509 998 4560 quorum
1015 4491 1046 4544 li-

1108 1017 1184 1072 dive⁹
1198 1017 1239 1070 vel
1252 1015 1280 1068 in
1295 1015 1416 1068 defuncti
1429 1017 1518 1070 locum
1533 1017 1713 1072 substituendi
1723 1019 1817 1086 pateat
1830 1021 1912 1090 copia,

1106 1087 1145 1140 ita
1168 1089 1197 1138 ut
1205 1087 1225 1116 ¹⁰
1248 1083 1347 1138 iudicio
1372 1089 1436 1138 tuae
1459 1083 1528 1138 sedis
1553 1085 1602 1140 sub
1626 1085 1746 1154 ipsorum
1763 1089 1914 1152 praesentia

1108 1155 1311 1224 corporatorum
1333 1153 1361 1206 in
1385 1167 1478 1206 eorum
1501 1155 1602 1220 locum,
1627 1169 1692 1220 quos
1718 1155 1828 1208 humani
1851 1159 1913 1212 sub·

1106 1221 1236 1276 traxerint
1259 1235 1351 1286 casus,
1376 1235 1409 1274 ex
1433 1221 1525 1274 eodem
1550 1237 1602 1290 quo
1624 1221 1662 1274 illi
1679 1221 1787 1276 fuerant
1804 1239 1913 1290 corpore

1106 1291 1297 1356 subrogenturs
1324 1287 1391 1342 nulli
1416 1287 1462 1342 alii
1485 1295 1688 1358 corporatorum
1709 1293 1816 1360 praeter
1838 1305 1912 1358 prae-

1107 1357 1207 1412 dictum
1238 1373 1377 1410 numerum
1407 1371 1456 1444 per
1482 1359 1632 1426 patrocinia
1656 1357 1824 1412 immunitate
1850 1375 1912 1414 con·

1108 1439 1192 1482 cessa.
1232 1423 1265 1478 D.
1285 1437 1334 1478 stt
1355 1425 1381 1478 lc.
1400 1427 1474 1496 bapt.
1495 1425 1686 1498 Eudoxiopali
1709 1425 1836 1480 Honorio
1859 1441 1912 1482 asts

1106 1497 1134 1550 et
1151 1491 1302 1548 Theudosia
1320 1507 1362 1548 ιιι
1377 1493 1433 1548 ΑΑ.
1453 1509 1540 1548 conss.
1800 1501 1833 1560 [a.
1852 1499 1911 1562 too]

1140 1557 1159 1620 6
1177 1557 1253 1614 Idem
1270 1561 1326 1616 ΛΑ.
1344 1559 1500 1616 Maaimino
1520 1563 1611 1616 conniti
1629 1579 1771 1618 sacrarum
1789 1563 1912 1632 inspitie-

1106 1645 1176 1684 num.
1213 1629 1241 1682 Si
1263 1629 1309 1698 qui
1331 1629 1430 1682 inditas
1454 1629 1610 1684 nominatim
1626 1631 1737 1686 vetustis
1755 1631 1857 1698 legibus
1876 1631 1911 1686 ci-

1105 1697 1200 1752 vitates
1224 1697 1450 1764 transgredientes
1474 1699 1527 1768 ipsi
1550 1701 1592 1754 vel
1615 1701 1768 1770 peregrinos
1793 1697 1911 1764 negotia-

1105 1771 1178 1822 tores
1202 1765 1259 1818 sine
1283 1765 1380 1820 comite
1409 1767 1625 1822 commerciorum
1654 1767 1829 1836 suscipientes
1854 1767 1911 1822 iue-

1105 1835 1158 1888 rint
1185 1831 1356 1902 deprehensi,
1382 1849 1432 1888 nec
1459 1835 1680 1904 proscriptionem
1706 1835 1837 1890 bonorum
1863 1851 1911 1890 nec

1108 1911 1118 1956 t
1155 1917 1267 1970 poenam
1291 1901 1416 1970 perennis
1444 1903 1515 1956 exilii
1541 1903 1650 1958 ulterius
1677 1905 1796 1958 evadent.
1839 1903 1909 1970 Ergo

1106 1985 1196 2026 omues
1213 1971 1327 2040 pariter,
1352 1971 1406 2024 sive
1430 1971 1526 2040 privati
1544 1987 1592 2026 scu
1610 1973 1757 2040 cuiuspiam
1776 1971 1911 2040 dignitatis

1106 2041 1159 2094 siva
1176 2039 1204 2092 in
1221 2037 1315 2092 militia
1334 2037 1486 2104 constituti,
1511 2039 1599 2094 sciant
1622 2041 1673 2094 sibi
1695 2043 1743 2094 aut
1766 2041 1799 2094 ab
1819 2039 1911 2094 buius-

1104 2107 1175 2162 modi
1192 2107 1341 2162 temeritate
1354 2109 1461 2230 {initus
1480 2109 1666 2164 abstinendum
1682 2113 1729 2164 aut
1745 2125 1826 2178 supra
1839 2107 1911 2162 dicta

1106 2175 1236 2244 supplicia
1253 2175 1357 2230 subeon
1395 2217 1401 2228 .

1438 2383 1579 2446 axillis

1105 2485 1150 2534 DE
1168 2483 1287 2534 RERUM
1304 2483 1573 2536 PERMUTATIONE
1591 2481 1636 2536 ΕΤ
1651 2485 1698 2534 DE
1712 2485 1911 2536 PRAESCRIP-

1323 2553 1376 2604 TIS
1394 2553 1517 2604 VERBIS
1535 2553 1693 2604 nortona.

1139 2647 1152 2706 1
1180 2647 1248 2722 Imp.
1274 2649 1431 2706 Gordianus
1454 2653 1485 2706 Α.
1511 2651 1646 2706 Tiraseae
1669 2653 1755 2706 militi.
1796 2651 1832 2718 Si,
1852 2667 1911 2706 cum

1103 2723 1216 2788 patruus
1240 2725 1302 2774 tuus
1326 2721 1446 2774 venalem
1470 2721 1665 2790 possessionem
1687 2721 1811 2788 haberet,
1833 2727 1911 2790 pater

1103 2793 1165 2842 tuus
1179 2787 1257 2856 pretii
1272 2787 1385 2852 nomine,
1403 2787 1468 2842 beet
1480 2805 1534 2844 non
1549 2793 1643 2842 taxata
1659 2789 1816 2858 quantitate,
1830 2789 1910 2842 aliam

1103 2855 1299 2924 possessiouem
1317 2855 1401 2922 dedit,
1425 2857 1506 2926 idque
1528 2857 1599 2924 quod
1617 2857 1780 2926 compararit
1799 2873 1852 2910 non
1869 2857 1909 2910 in-

1101 2923 1171 2978 iuria
1195 2923 1290 2978 iudicis
1315 2939 1365 2978 nec
1388 2925 1474 2994 patris
1497 2925 1538 2980 tui
1561 2925 1641 2994 culpa
1658 2925 1772 2980 evictum
1795 2931 1848 2990 est,
1876 2923 1909 2978 ad

1103 2991 1251 3060 exemplum
1275 3007 1307 3046 ex
1331 2997 1419 3060 empto
1442 2993 1556 3050 actonis
1574 3009 1628 3048 nou
1646 2993 1775 3048 immerito
1793 2993 1821 3048 id
1838 2991 1908 3062 quod

1103 3065 1149 3114 tua
1172 3061 1297 3126 interest,
1320 3061 1344 3114 si
1366 3063 1394 3114 in
1416 3063 1500 3128 patris
1518 3063 1578 3116 iura
1597 3063 1758 3126 successisti,
1782 3059 1909 3130 consequi

1104 3127 1246 3182 desideras.
1283 3133 1311 3182 at
1335 3129 1405 3182 enim
1429 3129 1466 3194 si,
1494 3147 1554 3186 cum
1577 3129 1678 3184 venais
1702 3131 1836 3198 possessio
1855 3145 1908 3184 non

1103 3201 1187 3260 esset,
1211 3197 1371 3264 permutatio
1395 3197 1470 3252 iacta
1493 3203 1534 3252 est
1555 3199 1648 3268 idque,
1673 3199 1746 3266 quod
1764 3201 1797 3252 ab
1816 3197 1907 3252 adser-

1103 3263 1173 3320 sario
1197 3265 1356 3330 praestitum
1379 3271 1433 3332 est,
1459 3267 1571 3320 evictum
1589 3269 1643 3334 est,
1668 3267 1739 3336 quod
1760 3267 1851 3322 datum
1869 3269 1909 3320 est

1102 3331 1134 3396 (si
1166 3332 1218 3385 hoe
1247 3333 1367 3398 cleeris)
1399 3349 1459 3386 cum
1489 3335 1593 3390 ratione
1619 3335 1724 3390 resdtui
1749 3333 1906 3402 postulabis.

1101 3399 1134 3454 a.
1159 3413 1216 3452 sets
1230 3399 1266 3454 iti.
1313 3417 1353 3456 ou.
1373 3399 1425 3456 Pio
1442 3407 1470 3456 et
1486 3401 1623 3456 Pontiano
1643 3419 1729 3456 conss.
1796 3407 1829 3468 [a.
1848 3405 1907 3466 238]

1136 3463 1233 3540 2Imp
1256 3509 1260 3522 .
1280 3467 1468 3522 Diocletianus
1488 3475 1515 3526 et
1532 3471 1719 3526 Maximianus
1737 3471 1791 3524 ΑΑ.
1811 3469 1908 3524 Primi-

1103 3537 1179 3590 tiuae.
1247 3537 1449 3592 ermutationem
1475 3553 1503 3592 re
1529 3539 1589 3606 ipsa
1614 3543 1709 3608 utpote
1735 3539 1821 3592 bonae
1846 3537 1908 3592 fidei

1101 3603 1284 3668 constitutam,
1303 3605 1373 3658 sicut
1391 3621 1589 3674 commemoras,
1607 3609 1690 3662 sicem
1704 3605 1845 3674 emptionis
1860 3607 1907 3662 ob·

1100 3673 1185 3726 tinere
1202 3689 1257 3726 nou
1273 3671 1402 3742 incogniti
1420 3675 1485 3728 iuris
1504 3679 1553 3730 est.

1136 3735 1154 3798 3
1173 3739 1248 3794 idem
1266 3743 1322 3794 ΛΑ.
1347 3747 1374 3796 et
1393 3741 1439 3796 Ct’.
1459 3741 1563 3798 Barcio
1581 3741 1704 3798 Laetitia.
1745 3741 1789 3796 Ex
1810 3741 1907 3810 placito

1100 3807 1303 3876 permutationis
1327 3825 1356 3862 re
1374 3809 1449 3864 nulla
1467 3813 1561 3864 secuta
1586 3813 1692 3864 constat
1708 3809 1807 3864 nemini
1824 3811 1907 3864 acdo-

1100 3893 1161 3930 nem
1178 3883 1337 3944 competere,
1355 3879 1408 3932 nisi
1426 3879 1563 3946 stipulatio
1583 3879 1702 3934 subiecta
1720 3893 1753 3932 ex
1768 3879 1907 3934 verborum

1101 3945 1262 4014 obligatione
1279 3945 1425 4014 quaesierit
1442 3947 1565 4016 partibus
1584 3949 1724 4002 audonem.

1134 4011 1153 4068 4
1172 4011 1248 4068 Idem
1265 4015 1320 4068 ΑΑ.
1340 4019 1368 4068 et
1386 4011 1432 4070 00.
1451 4013 1574 4068 densatio.
1617 4015 1681 4068 Cum
1704 4013 1830 4084 precibus
1853 4013 1906 4068 tuis

1100 4081 1261 4150 expresseris
1279 4081 1410 4150 placitum
1426 4083 1496 4136 inter
1512 4088 1539 4136 te
1557 4087 1585 4138 et
1605 4083 1687 4138 alium
1704 4083 1907 4152 permutationis

1099 4149 1283 4206 intercessisse
1300 4165 1413 4218 eumque
1430 4149 1542 4206 fundum
1564 4155 1624 4206 ate
1642 4151 1732 4206 datum
1750 4151 1905 4218 venffidisse,

1100 4223 1193 4274 contra
1216 4221 1362 4286 emptorem
1385 4219 1490 4288 quidem
1514 4221 1572 4272 ιιη
1590 4221 1689 4274 niallam
1706 4221 1805 4274 habere
1823 4219 1905 4274 actio-

1099 4303 1159 4342 nem
1180 4287 1310 4356 perspicis
1321 4287 1350 4352 ¹³,
1374 4303 1434 4340 oum
1458 4287 1492 4340 ab
1515 4303 1546 4342 eo
1575 4287 1724 4356 susceperit
1753 4287 1905 4354 dominium,

1100 4353 1143 4410 cni
1165 4361 1191 4408 te
1215 4353 1358 4408 tradidisse
1381 4353 1461 4410 titulo
1484 4357 1687 4424 permutationis
1715 4371 1769 4410 non
1793 4353 1904 4424 negasti.

1104 4431 1112 4476 l
1154 4421 1306 4476 Secundum
1336 4421 1416 4476 fidem
1442 4429 1530 4476 autem
1557 4425 1659 4492 placiti,
1686 4425 1739 4478 ιιμ
1766 4421 1905 4492 stipulatio

1100 4491 1243 4548 subsecuta
1259 4493 1307 4560 est,
1325 4505 1494 4546 successores
1511 4493 1575 4558 eius,
1595 4507 1655 4546 cum
1671 4509 1722 4560 quo
1738 4497 1905 4548 contractum

242 4557 331 4612 mitem
357 4557 392 4612 ad
417 4557 530 4612 inhibita
550 4557 611 4612 loca
637 4557 772 4612 mercandi
797 4559 883 4626 gratia
908 4561 1047 4614 Romanus
1098 4559 1229 4626 habuisti,
1256 4559 1397 4614 convenire
1422 4575 1477 4614 uon
1505 4561 1668 4628 prohiberis:
1694 4559 1717 4614 si
1742 4577 1804 4616 vera
1831 4559 1905 4614 nulla

243 4631 258 4680 3
281 4625 333 4708 'rel
356 4625 440 4678 Persa
464 4625 657 4680 commeaverit.
681 4627 828 4706 'Exceptis
851 4627 973 4682 ndentes
997 4629 1046 4694 bis,
1099 4627 1236 4696 stipulatio
1254 4627 1415 4708 intercessit,
1433 4629 1608 4710 praescriptis
1625 4631 1713 4686 serbis
1730 4629 1850 4710 acdope,
1875 4629 1905 4680 ut

243 4693 1046 4818 itttttttaiattaittittttttttititt
1097 4695 1222 4819 rtis
1242 4694 1334 4818 ,lbitl
1351 4697 1903 4820 attestatititillantia:

241 4779 296 4884 isne
319 4827 531 4892 commutandas,
557 4829 651 4896 quibus
674 4829 845 4884 humanitatis
863 4835 890 4886 et
907 4831 1046 4900 legationis
1097 4779 1196 4888 uritur.
1322 4779 1353 4832 gr
1526 4803 1531 4830 ’

240 4899 337 4954 intuitu
359 4903 434 4950 extra
455 4895 596 4964 praefinita
614 4897 693 4950 etiam
710 4899 771 4952 loca
788 4899 923 4954 mercandi
941 4899 1047 4968 copiam
1131 4899 1245 4956 bidem
1267 4899 1323 4954 ΛΑ.
1347 4905 1374 4954 et
1393 4897 1439 4954 Cu.
1464 4899 1661 4954 Theodolauaa
1703 4898 1833 4967 Quoniam
1855 4897 1903 4954 ad·

240 4983 294 5020 non
317 4981 458 5034 negamus,
480 4965 533 5020 nisi
557 4967 608 5020 sub
632 4965 720 5034 specie
743 4965 882 5034 legationis
901 4969 1000 5024 diutius
1018 4969 1046 5022 in
1092 4967 1163 5024 seris
1186 4971 1290 5034 patrem
1311 4971 1387 5022 tunm
1406 4967 1430 5022 ei
1448 4971 1541 5022 contra
1559 4983 1636 5034 quem
1652 4983 1747 5034 preces
1764 4967 1854 5022 ιιιιιιιιι
1873 4981 1904 5020 ea

242 5035 358 5100 quantes
374 5031 512 5102 provincia
528 5033 675 5088 residentes
693 5035 762 5088 trac⁷
783 5035 863 5104 legati
880 5037 993 5090 reditum
1010 5037 1045 5090 ad
1097 5035 1253 5092 condicione
1271 5035 1375 5090 dedisse
1393 5035 1518 5102 fundum,
1542 5041 1574 5090 ut
1590 5035 1702 5090 invicem
1722 5035 1827 5092 domum
1846 5049 1902 5090 aer·

239 5209 271 5268 (ι)
290 5205 315 5256 Β
333 5205 373 5266 56,
392 5215 411 5266 t,
428 5215 456 5256 to
473 5223 539 5270 seqq.
608 5207 868 5272 (a)=Tlt.13,t,5t
887 5209 1045 5274 iunpel,4,t
1097 5207 1195 5258 daciani
1208 5207 1304 5260 Codicis
1322 5225 1348 5260 co
1369 5207 1423 5258 ueri
1438 5205 1582 5258 simillimum
1598 5209 1647 5270 stt,
1664 5209 1730 5272 quod
1747 5209 1808 5260 idem
1826 5207 1904 5274 piane

241 5275 275 5340 (s)
292 5269 405 5322 Secundo
422 5285 463 5334 pp.
484 5273 527 5322 Tit.
548 5273 626 5324 male:
647 5275 723 5324 scribi
745 5275 828 5326 debuit
849 5273 908 5340 imp.
931 5273 1046 5326 Iulianus
1088 5277 1203 5342 secernat
1220 5277 1244 5328 in
1266 5279 1287 5340 l,
1305 5285 1372 5338 ιο,ι
1397 5285 1419 5326 ei
1436 5275 1500 5326 alias
1519 5293 1613 5340 quoque
1630 5277 1701 5326 inias
1719 5277 1830 5340 temporis
1847 5295 1903 5328 can·

240 5341 310 5392 ano
323 5337 450 5390 Iulianum
467 5355 524 5388 cum
539 5341 588 5406 Or,
608 5343 639 5400 cf.
659 5351 737 5394 noas
806 5343 837 5406 (ι)
849 5343 1044 5408 fueritMamer-
1094 5343 1229 5396 alitationes
1261 5345 1329 5394 isaaci
1356 5361 1453 5408 paucas
1485 5343 1560 5394 simili
1592 5343 1660 5394 motio
1688 5343 1904 5410 pessumdederant

239 5409 293 5460 tino
316 5405 457 5460 etNeritta
479 5421 556 5456 conss.
573 5411 617 5474 (=
632 5427 655 5460 a.
671 5409 736 5472 acal:
761 5427 817 5462 nam
832 5411 941 5462 adium
956 5429 1044 5462 annam
1094 5411 1127 5474 (a)
1145 5413 1181 5462 sie
1199 5413 1264 5476 dcta,
1282 5411 1467 5474 subiungantur
1486 5409 1530 5460 CR
1591 5411 1624 5474 (ι)
1642 5411 1677 5462 sic
1694 5409 1713 5462 a
1730 5429 1780 5462 aaa
1796 5411 1831 5476 B,
1848 5411 1901 5476 ple·

241 5479 329 5526 ducant
352 5493 402 5526 cam
427 5473 491 5526 locas
515 5477 837 5542 centuriatimque,
863 5497 929 5544 quem
948 5481 1044 5530 ineante
1095 5477 1149 5528 bem
1167 5481 1191 5528 et
1208 5479 1374 5544 negotiatores
1393 5477 1440 5532 PR
1525 5479 1557 5542 (ι)
1577 5479 1607 5526 ad
1625 5493 1668 5526 sna
1686 5477 1788 5528 redeant
1805 5493 1850 5530 nec
1868 5477 1902 5530 si-

241 5553 357 5596 aanatta
375 5545 462 5594 obiisse
479 5551 584 5594 constat:
602 5561 662 5596 sane
676 5547 831 5610 probabilius
845 5545 981 5598 Secundum
999 5565 1042 5614 pp.
1094 5547 1189 5598 miliare
1207 5549 1347 5598 exciderunt
1364 5545 1518 5610 (Mommsen)
1571 5547 1604 5610 (8)
1621 5571 1655 5590 =
1675 5549 1695 5608 l,
1714 5557 1765 5608 ι,ι
1816 5547 1850 5610 (a)
1865 5547 1902 5598 sic

240 5629 320 5664 errore
342 5613 441 5664 librarii
461 5629 490 5662 en
510 5609 552 5658 ils.
574 5611 612 5672 13,
632 5623 648 5672 1,
667 5623 679 5664 ι
701 5615 876 5680 insequentem
895 5617 1043 5668 constitutio·
1096 5615 1178 5676 l,2,t,
1196 5627 1225 5664 re
1244 5633 1287 5664 om.
1306 5615 1365 5666 iibri
1418 5615 1464 5680 (ιι)
1480 5613 1516 5666 ita
1533 5615 1563 5662 ut
1581 5613 1644 5676 dett,
1664 5615 1693 5664 ut
1709 5615 1754 5664 aut
1773 5613 1799 5676 0,
1816 5617 1860 5664 sut
1876 5613 1901 5664 R

240 5697 291 5730 nem
314 5679 456 5730 monetatum
479 5697 551 5744 quam
569 5685 591 5728 ei
609 5677 648 5728 tic
665 5691 688 5730 ct
705 5681 740 5732 ad
759 5685 779 5742 1,
799 5691 847 5742 ι,ι
872 5699 951 5732 errore
968 5683 1043 5734 Iusti·
1094 5681 1136 5744 (ιι)
1154 5681 1180 5730 Β
1198 5685 1239 5742 20,
1257 5691 1277 5734 ι.
1295 5709 1329 5720 -
1349 5681 1386 5748 Cf.
1404 5683 1466 5748 Dip.
1485 5685 1524 5748 19,
1542 5691 1563 5732 ι.
1583 5691 1594 5732 b
1664 5679 1709 5746 (ti)
1727 5683 1752 5732 ie
1770 5683 1835 5744 dett,
1856 5697 1900 5732 cm.

240 5749 365 5798 nianaram
383 5745 505 5796 Iulianum
523 5747 547 5796 ei
562 5745 711 5796 substitutum
730 5769 780 5802 essa
794 5751 917 5812 conicitur,
935 5751 1043 5802 consules
1094 5745 1162 5800 Pola
1236 5751 1281 5814 (ts)
1298 5751 1419 5814 prospicis
1438 5751 1495 5800 libri
1571 5751 1614 5814 (ιι)
1631 5749 1652 5798 si
1672 5745 1736 5814 (liii,
1754 5769 1797 5802 om·
1817 5751 1901 5808 Psit‘,

241 5825 316 5868 autem
334 5817 396 5866 anai
407 5825 447 5866 ιιι
466 5825 488 5866 et
503 5817 657 5882 imperatores
671 5823 774 5868 mutasse
788 5817 954 5882 compilatores
966 5819 1042 5870 Tlteo-
1063 5807 1068 5886 )
1093 5817 1114 5866 ιι
1132 5827 1187 5868 ante
1204 5819 1340 5868 seeundum
1357 5817 1437 5886 sappi.
1457 5813 1491 5868 Pi
