4250 6258
239 347 453 402 'TESTAMEN'PA
476 347 692 400 onninan'rtilt

1798 343 1842 406 Vl
1864 347 1905 408 23

920 427 1096 438 annau-m*-
1097 431 1181 436 ............
1182 431 1222 440 -,,..,,

238 529 348 584 10110010
365 525 565 582 successoribus
581 525 733 594 designatis,
752 521 840 580 00010
856 541 924 596 quae
936 523 1044 592 scriptis

236 595 379 654 heredibus
404 601 559 662 competunt
575 595 697 650 iubemus
716 613 762 652 000
780 595 879 650 habere
896 609 945 648 nec
965 607 1045 662 super

237 669 368 720 bonorum
389 661 565 732 possessionis
590 663 718 730 petitione
739 663 820 720 ullam
839 661 1044 718 controversiam

236 733 323 798 irasci,
349 745 474 798 cumpro
493 731 588 784 herede
607 749 684 802 agere
707 737 804 786 cuneta
821 733 940 786 sufficiat
958 739 984 784 et
1001 731 1044 784 ius

236 809 252 856 t
286 815 364 856 omne
386 799 446 868 ipsa
473 801 606 868 complere
632 801 714 856 aditio
740 799 868 856 rideatur.
914 799 1043 854 Omnibus

237 869 332 926 etenim
350 867 538 934 praestandum
556 885 614 924 esse
638 885 790 932 censemus,
815 877 843 922 ut
864 869 947 922 libero
971 867 1042 922 arbi-

236 937 294 1004 trio,
311 935 355 990 cui
369 935 486 990 testandi
499 937 615 992 facultas
629 937 754 1006 suppetit,
771 953 952 992 successorem
965 953 1043 990 suum

236 1003 331 1062 oblatis
350 1005 435 1072 possit
452 1005 576 1072 precibus
595 1007 733 1060 declarare
751 1011 778 1058 et
791 1007 888 1060 stabile
901 1005 969 1060 sciat
985 1021 1043 1060 esse

235 1073 305 1146 quod
327 1071 433 1138 fecerit,
459 1089 507 1128 nec
531 1075 670 1128 institutus
689 1075 766 1126 heres
784 1075 963 1140 pertimescat,
983 1089 1043 1136 cum

236 1143 338 1198 oblatas
361 1155 455 1210 preces
479 1143 625 1196 secundum
649 1143 812 1196 voluntatem
837 1143 957 1198 defuncti
984 1141 1041 1198 ido·

234 1211 290 1268 0010
308 1207 395 1278 possit
412 1211 526 1264 testibus
545 1227 561 1264 a
579 1211 704 1280 probare,
722 1211 745 1264 si
764 1209 857 1264 010110
874 1227 971 1266 nocere
988 1229 1043 1266 non

234 1285 357 1350 possunt.
392 1277 428 1356 D.
445 1291 495 1332 arr
514 1277 540 1332 lc.
559 1229 642 1334 lliart.
662 1279 808 1334 Raocrurae
829 1287 895 1350 post
917 1279 1014 1336 000001
1031 1311 1042 1320 -

182 1413 184 1418 .
235 1357 289 1406 cum
308 1345 426 1400 Honora
451 1359 521 1402 000
537 1355 564 1402 ct
582 1347 727 1402 Titcodcsii
749 1361 767 1398 r
781 1349 836 1418 AA.
927 1355 961 1414 [c.
981 1353 1041 1414 413]

266 1413 306 1474 20
333 1411 496 1468 11100011.
520 1417 636 1470 edictam
660 1417 696 1470 acl
713 1415 850 1486 pupulam
874 1417 949 1472 uirbis
974 1417 1041 1472 Con-

233 1483 561 1556 01001100001110000101
583 1483 619 1540 ad
644 1501 735 1540 00000
752 1483 944 1554 provinciales.
985 1485 1042 1540 No-

234 1557 320 1606 lunius
340 1551 452 1606 convelli
470 1551 650 1606 deficientium
668 1555 782 1622 scriptas
800 1551 858 1606 iure
881 1569 913 1606 ac
937 1555 1041 1608 sollem-

234 1621 303 1674 niter
320 1621 478 1686 voluntates,
497 1621 559 1676 dum
578 1621 711 1690 quoddam
728 1621 865 1674 morientis
890 1639 1042 1690 supremum

234 1695 260 1744 et
277 1705 332 1742 nou
350 1687 514 1756 adscriptum
527 1691 690 1758 processisse
706 1687 877 1744 confirmatur
893 1691 1041 1756 arbitrium,

233 1763 368 1826 tamquam
393 1759 582 1826 patrimonium
605 1775 683 1812 suum
707 1759 741 1812 ad
764 1775 813 1812 nos
838 1759 963 1814 deficiens
985 1777 1041 1812 ma-

235 1837 243 1880 t
281 1825 363 1880 luerit
379 1827 521 1894 pertinere.
557 1825 685 1882 Omnibus
709 1827 779 1882 euim
802 1827 912 1894 privatis
931 1835 957 1882 et
973 1827 1041 1882 mili·

232 1893 351 1950 tantibus
368 1893 560 1960 interdicimus,
578 1905 609 1950 ut
625 1895 779 1950 huiusmodi
793 1895 952 1964 perhibeant
966 1897 1041 1950 testi-

230 1963 331 2028 monia,
350 1971 378 2016 et
394 1963 456 2016 falsi
474 1963 590 2020 criminis
609 1981 669 2020 reos
687 1963 773 2020 teneri
790 1963 983 2032 praecipimus,
1008 1963 1040 2032 si,

232 2047 293 2086 oum
316 2031 432 2098 scriptae
455 2031 513 2086 iure
537 2049 569 2086 ac
593 2033 756 2088 sollemniter
777 2031 956 2086 deficientium
974 2033 1040 2086 erti-

230 2101 312 2156 terint
328 2101 494 2164 voluntates,
519 2117 573 2156 non
597 2101 726 2170 scriptum
746 2101 848 2170 aliquid
865 2101 915 2154 sub
934 2109 1041 2156 nostro-

230 2185 288 2226 rum
312 2167 448 2222 nominum
470 2171 604 2226 mentione
627 2171 696 2224 10100
720 2169 860 2224 adstruere
887 2169 1038 2224 moliantur.

230 2245 245 2294 ‘l
280 2237 364 2292 Nemo
386 2239 478 2304 itaque
502 2239 609 2292 relictus
626 2239 724 2294 heres³
747 2239 788 2306 rel
805 2237 909 2304 legibus
926 2237 962 2292 ad
979 2253 1039 2292 suc-

231 2305 376 2362 cessionem
407 2313 519 2362 rocatus
548 2315 669 2362 nostrum
698 2309 740 2362 rel
768 2307 918 2374 potentium
943 2323 1040 2360 nomeu

230 2377 379 2430 horrescat:
408 2389 486 2430 nemo
512 2375 582 2430 ferre
608 2377 761 2430 testimonia
786 2375 815 2428 in
838 2377 909 2428 huno
932 2375 1040 2430 modum

230 2445 270 2500 vel
287 2443 423 2512 suscipere
440 2443 522 2512 gestis
545 2443 697 2500 huiusmodi
714 2459 793 2498 uoces
812 2443 910 2498 audeat
926 2445 1039 2498 riostro⁴

229 2513 269 2566 rel
296 2513 378 2566 etiam
420 2513 567 2566 riratorum
590 2515 738 2580 potentium
760 2511 873 2566 000100.
915 2511 949 2566 D.
969 2515 1040 2566 rrrr⁵

229 2581 263 2656 id.
282 2579 366 2636 1101.
407 2581 624 2654 costantinopoli
641 2581 793 2638 Theodosio
812 2585 843 2634 A.
868 2595 911 2636 rar
930 2591 957 2636 et
974 2579 1040 2634 Pal-

229 2649 301 2704 laclio
323 2665 410 2704 conss.
689 2713 691 2716 ¹
925 2653 958 2714 [a.
978 2653 1038 2714 416]

262 2715 298 2776 21
320 2715 420 2790 ⁶impp.
442 2717 609 2774 Theodosias
626 2725 652 2774 el
676 2717 884 2774 Valentinianus
899 2719 955 2772 AA.
975 2719 1038 2772 110-

227 2787 315 2844 rcnlio
329 2803 380 2858 pp.
415 2785 475 2840 Hae
499 2787 696 2842 consultissima
719 2789 777 2856 lege
800 2787 935 2842 sancimus
956 2787 1039 2842 licere

228 2871 276 2926 per
300 2855 462 2922 scripturam
485 2855 686 2910 conficientibus
710 2863 912 2920 testamentum,
938 2855 961 2910 si
978 2857 1037 2908 nul-

227 2925 283 2978 lum
300 2923 368 2978 scire
385 2923 479 2978 solunt
496 2939 564 2992 quae
580 2923 610 2978 10
628 2941 659 2980 00
683 2925 784 2994 scripta
805 2929 882 2988 sunt,
906 2923 1038 2992 signatam

228 2993 268 3046 rel
290 2991 399 3060 ligatam
419 2993 460 3046 rel
483 2999 588 3046 tantum
607 2993 725 3046 clausam
741 2993 958 3060 involutumque⁷
975 3009 1038 3060 pro·

227 3063 297 3116 t'erre
323 3061 483 3130 scripturam
506 3061 547 3114 vel
568 3061 653 3128 ipsius
676 3061 812 3118 testatoris
830 3061 872 3114 vel
894 3059 1038 3114 cuiuslibet

228 3131 337 3184 alterius
354 3145 435 3196 manu
454 3127 646 3198 conscriptam,
670 3145 780 3198 eamque
803 3129 903 3196 rugatis
923 3129 1037 3184 testibus

227 3203 329 3268 septem
350 3213 460 3250 numero
483 3197 585 3252 civibus
602 3197 731 3254 Romanis
749 3197 896 3268 puberibus
914 3197 1037 3250 omnibus

228 3267 305 3322 simul
323 3265 420 3322 offerre
442 3265 597 3334 signandam
621 3273 648 3320 et
665 3265 893 3328 subscribendam,
915 3265 978 3320 dum
996 3271 1037 3318 ta·

227 3349 287 3390 men
305 3335 417 3388 testibus
435 3335 621 3402 praesentibus
640 3341 755 3390 testator
777 3349 854 3388 suurn
878 3349 936 3388 esse
953 3341 1036 3388 testa·

227 3409 344 3458 mentum
362 3403 459 3458 dixerit
476 3403 546 3472 quod
564 3403 675 3458 offertur
693 3403 771 3472 eique
784 3403 843 3472 ipse
859 3419 948 3456 coram
962 3403 1037 3456 testi-

228 3475 277 3528 bus
296 3487 346 3526 sua
362 3487 443 3526 manu
460 3471 489 3526 10
506 3471 609 3540 rehqua
626 3475 703 3539 parte
728 3471 881 3526 testamenti
900 3471 1036 3538 subscrip-

227 3541 303 3598 serit:
331 3557 382 3610 quo
405 3539 479 3594 10010
503 3547 529 3592 01
551 3541 665 3594 testibus
691 3559 746 3596 uno
770 3539 916 3608 eodemque
940 3539 1036 3594 11000

227 3615 346 3680 tempore
374 3607 606 3664 subscribentibus
633 3613 661 3662 et
687 3607 924 3676 000010000111008
949 3609 1036 3662 valere

227 3685 413 3734 testamentum
431 3693 481 3730 000
498 3677 558 3732 1100
575 3673 714 3744 infirmari,
734 3675 804 3746 quod
818 3683 900 3730 testes
915 3677 1038 3730 00001001

229 3753 239 3802 1
278 3763 346 3816 quae
371 3747 400 3800 in
425 3761 456 3800 eo
484 3745 585 3814 scripta
610 3751 674 3800 sunt
698 3749 867 3800 testamento.
911 3743 987 3810 Quod
1014 3745 1037 3798 si

226 3817 328 3872 litteras
360 3819 475 3868 testator
503 3813 609 3882 ignoret
638 3815 678 3868 rel
712 3813 879 3868 subscribere
913 3819 1035 3880 nequeat,

227 3889 320 3940 cctam
344 3883 527 3952 subscriptore
550 3899 600 3950 pro
625 3897 656 3936 00
680 3881 800 3936 adhibito
822 3881 915 3934 eadem
937 3881 1037 3936 servari

226 3959 240 4006 2
276 3953 451 4008 decernimus.
487 3949 518 4004 In
535 3949 657 4006 omnibus
673 3957 762 4006 autem
777 3947 951 4014 testamentis,
968 3965 1036 4018 quae

226 4021 411 4090 praesentibus
425 4019 468 4074 vel
480 4019 636 4072 absentibus
651 4021 765 4074 testibus
781 4017 924 4080 dictantur,
944 4033 1035 4086 super-

227 4093 309 4146 fluum
327 4093 438 4144 estune
457 4087 600 4156 eodemque
618 4095 738 4156 tempore
758 4087 863 4154 exigere
881 4089 1035 4140 testatorem

226 4163 252 4212 et
269 4163 351 4214 testes
369 4157 496 4210 adhibere
514 4161 542 4210 et
554 4157 656 4212 dictare
671 4173 750 4210 suum
764 4155 903 4210 arbitrium
917 4161 945 4210 et
959 4153 1035 4208 finire

225 4233 422 4282 testamentum.
452 4225 499 4280 sed
513 4225 577 4280 licet
594 4225 647 4280 0110
665 4233 785 4294 tempore
802 4223 931 4278 dictatum
950 4223 1034 4292 scrip·

227 4299 315 4350 tumve
337 4295 491 4366 proferatur
507 4297 704 4360 testamentum,
723 4291 840 4348 sufficiet
856 4309 910 4346 uno
930 4291 1034 4346 eodem·

227 4381 277 4430 que
296 4363 429 4418 11000110
447 4365 512 4416 actu
528 4363 720 4416 interveniente
736 4367 818 4414 testes
839 4377 938 4428 omues,
962 4359 1034 4414 vide-

225 4431 288 4486 licet
317 4433 396 4488 simul
427 4447 477 4486 nec
510 4429 620 4486 diversis
651 4429 828 4500 temporibus,
865 4429 1033 4484 subscribere

227 4505 261 4554 2a
295 4501 452 4570 signansque
478 4503 674 4552 testamentum.
718 4499 812 4552 Finem
839 4505 927 4552 autem
952 4503 1035 4552 testa·

227 4569 306 4624 menti
335 4567 543 4636 subscriptiones
571 4575 597 4622 et
621 4567 759 4636 signacula
782 4567 888 4620 testium
911 4583 970 4622 esse
989 4567 1032 4620 de-

227 4639 368 4692 cernimus.
410 4651 465 4690 non
486 4637 667 4704 subscriptum
691 4651 805 4702 namque
829 4651 845 4688 a
869 4635 983 4690 testibus
1001 4651 1033 4688 ac

226 4705 358 4774 signatum
380 4709 568 4758 testamentum
593 4721 643 4772 pru
666 4703 824 4772 imperfecto
851 4705 944 4758 haberi
970 4719 1032 4756 000-

227 4777 240 4826 3
275 4775 355 4828 venit.
397 4773 439 4826 Ex
462 4773 618 4840 imperfecto
643 4779 732 4826 autem
758 4777 915 4826 testamento
940 4771 1032 4828 voluu-

225 4849 307 4896 tstem
334 4847 425 4896 tenere
451 4841 585 4906 defuncti,
617 4843 669 4896 nisi
700 4843 769 4894 inter
795 4841 865 4894 solos
892 4841 990 4896 liberos
1017 4855 1033 4894 a

225 4911 382 4978 parentibus
399 4909 539 4978 utriusque
557 4911 655 4964 sexus⁹
672 4909 813 4972 habeatur,
832 4927 886 4964 uon
902 4910 1031 4964 volumus.

226 4983 260 5034 3a
289 4977 346 5032 ¹⁰81
359 4993 421 5032 vero
436 4977 465 5032 10
479 4977 630 5032 huiusmodi
645 4977 807 5032 voluntate¹¹
824 4977 915 5032 liberis
932 4977 1033 5032 0110011

225 5047 382 5102 entrance12
403 5045 486 5098 mixta
504 5061 631 5116 persona,
657 5053 759 5100 certum
778 5051 819 5098 est
836 5061 893 5100 eam
911 5049 1032 5100 volunta-

224 5123 291 5180 tem,
316 5121 444 5184 quantum
467 5113 501 5166 ad
527 5115 598 5168 illam
625 5115 762 5170 dumtaxat
787 5115 947 5182 permixtam
972 5131 1032 5184 per-

225 5199 317 5238 sonam
342 5199 392 5252 pro
418 5181 492 5236 nullo
518 5183 624 5248 haberi,
651 5183 699 5238 sed
723 5183 814 5238 liberis
838 5183 1032 5238 adcrescere¹³.

225 5359 254 5422 11)
272 5383 306 5404 ·.-.
326 5359 369 5412 Ti.
389 5361 412 5420 4,
431 5367 482 5418 aa
585 5359 618 5420 (1)
636 5357 705 5408 urbis
724 5357 808 5408 const.
831 5359 890 5422 Ta,
911 5377 956 5410 om.
976 5359 1034 5410 libri

224 5425 257 5488 (3)
275 5427 345 5476 heres
363 5447 407 5480 oin.
425 5425 469 5476 Ta.
538 5425 729 5488 (claustrorum
750 5425 793 5476 is.
863 5427 895 5490 (s)
914 5441 957 5476 1111
978 5427 1030 5490 ab,

224 5509 263 5544 vti
283 5497 343 5548 Hal.
363 5495 388 5544 P
470 5493 504 5556 (t)
521 5513 554 5530 ==
572 5491 636 5542 Nou.
658 5495 744 5546 Tdeou'.
767 5497 804 5554 lt,
824 5507 841 5556 1,
861 5507 935 5548 2-52
959 5497 1031 5562 10000

224 5563 248 5624 5,
267 5575 303 5626 rs,
322 5575 342 5616 e.
362 5567 385 5624 7,
404 5575 425 5626 2,
444 5573 468 5614 0
544 5561 577 5622 (1)
594 5559 763 5612 involutamve
781 5563 845 5614 Noc.
929 5563 963 5628 (8)
981 5563 1029 5628 sig·

224 5631 342 5682 00011100
365 5633 428 5686 Nau.
533 5629 565 5692 (s)
586 5641 602 5676 a
623 5633 718 5692 parent.
741 5633 789 5680 utr.
809 5645 880 5682 sexus
904 5653 948 5684 om.
965 5631 1030 5684 Noc.

224 5697 270 5763 (ιο)
289 5707 301 5760 s
321 5713 352 5752 aa
370 5719 399 5752 aa
416 5703 441 5764 3,
458 5709 494 5762 ss,
513 5709 548 5758 ne,
566 5705 576 5746 1
596 5699 628 5756 (α.
647 5699 695 5760 00)
719 5701 806 5748 addita
827 5711 863 5750 esc
930 5701 971 5764 (ιι)
989 5701 1030 5750 de-

224 5767 327 5828 signatis
343 5771 387 5820 ias,
400 5769 414 5818 1.
424 5789 484 5836 pem.
536 5767 581 5830 (11)
596 5767 713 5814 extranea
729 5785 772 5816 om.
788 5767 803 5814 l.
817 5787 876 5832 pem.
929 5769 974 5830 (ts)
989 5767 1031 5818 sed

224 5831 309 5888 liberis
327 5837 467 5888 adcrescere
485 5855 528 5886 cm.
548 5835 563 5888 l.
581 5853 650 5902 prm,
669 5835 758 5884 labent
778 5833 870 5886 Gracci
932 5839 975 5902 (11)
993 5853 1031 5888 rc·

1098 531 1112 578 t
1147 527 1199 580 Per
1220 529 1446 598 nuncupationem
1460 547 1583 600 quoque,
1606 531 1658 586 hoc
1682 535 1723 582 est
1743 527 1904 596 010000010-

1097 599 1170 658 tum,
1203 603 1362 652 testamenta
1387 617 1441 654 000
1467 601 1533 654 alias
1560 601 1647 656 valere
1673 595 1822 658 sancimus,
1852 595 1905 652 nisi

1096 669 1197 730 septem
1215 673 1306 732 testes,
1330 673 1361 720 ut
1382 669 1581 736 supradictum
1600 677 1653 736 est,
1677 667 1756 724 simul
1780 681 1832 718 uno
1857 681 1902 718 eu-

1097 733 1207 800 denique
1233 741 1353 802 tempure
1385 737 1488 790 collecti
1519 739 1655 792 testatoris
1682 737 1845 792 uoluntatem
1872 739 1903 786 ut

1097 807 1110 852 t
1139 805 1326 856 testamentum
1343 803 1400 856 0100
1418 805 1551 870 scriptura
1566 805 1690 860 facientis
1706 803 1845 860 audierint.
1874 803 1902 856 Si

1096 869 1154 936 quis
1173 879 1261 924 autem
1278 875 1437 924 testamento
1455 871 1513 924 iure
1531 873 1649 940 perfecto
1667 883 1762 944 postea
1778 871 1813 928 ad
1830 871 1902 926 aliud

1094 939 1244 1006 pervenerit
1261 943 1456 1004 testamentum,
1477 955 1531 994 000
1548 941 1614 994 alias
1632 943 1703 1010 quod
1721 941 1902 996 antefactum

1094 1015 1137 1060 001
1159 1007 1288 1062 infirmari
1311 1005 1491 1074 decernimus,
1515 1009 1647 1074 000011,
1666 1011 1902 1078 quodsecundum

1094 1075 1183 1128 faeere
1205 1083 1317 1132 testator
1338 1075 1464 1138 instituit,
1491 1075 1548 1128 iure
1574 1075 1655 1130 t'uerit
1682 1087 1901 1144 consummatum,

1094 1143 1145 1198 nisi
1163 1143 1231 1200 forte
1249 1147 1277 1198 in
1295 1145 1383 1214 priore
1403 1147 1563 1198 testamento
1588 1145 1694 1212 scriptis
1715 1147 1771 1212 his,
1796 1147 1842 1216 qui
1865 1151 1900 1204 ab

1093 1213 1219 1272 intestato
1247 1213 1280 1268 01
1307 1211 1443 1266 testatoris
1470 1211 1644 1264 hereditatem
1675 1217 1901 1270 successionesque

1094 1281 1182 1336 venire
1205 1299 1259 1336 000
1281 1285 1420 1352 poteraut,
1444 1281 1472 1334 10
1495 1279 1612 1334 secunda
1629 1281 1766 1336 uoluntate
1787 1291 1901 1340 testator

1094 1365 1140 1402 eos
1157 1351 1273 1404 scribere
1290 1351 1416 1412 instituit,
1439 1347 1485 1416 qui
1501 1351 1536 1402 ab
1553 1349 1679 1402 intestato
1696 1351 1731 1404 ad
1748 1351 1806 1406 eius
1823 1353 1900 1408 here·

1095 1417 1204 1472 111010οι
1226 1423 1365 1474 vocantur.
1405 1433 1436 1472 οο
1460 1417 1530 1470 enim
1555 1433 1633 1480 casu,
1661 1417 1724 1472 licet
1745 1417 1901 1486 imperfecta

1094 1487 1214 1542 rideatur
1236 1487 1287 1540 scri
1307 1495 1368 1540 tura
1388 1485 1533 1554 posterior,
1556 1485 1689 1540 infirmato
1711 1487 1799 1554 priore
1817 1493 1900 1542 testa-

1095 1563 1182 1610 mento
1199 1505 1341 1610 secundam
1358 1555 1413 1608 0100
1428 1555 1591 1608 voluntatem
1606 1571 1659 1608 non
1688 1555 1747 1610 nasi
1757 1561 1901 1612 testamen·

1094 1631 1158 1690 tum,
1178 1625 1225 1678 001
1243 1623 1320 1692 quasi
1335 1623 1498 1676 uoluntatem
1515 1621 1635 1678 intestati
1650 1573 1738 1678 villere
1757 1625 1899 1678 sancimus.

1095 1699 1129 1746 50
1163 1693 1194 1744 10
1219 1707 1272 1762 000
1297 1693 1434 1744 voluntate
1467 1691 1584 1760 quinque
1616 1691 1725 1746 testium
1752 1693 1900 1746 iuratorum

1094 1759 1272 1828 depositiones
1286 1759 1433 1814 sufficient:
1452 1777 1504 1828 quc
1519 1759 1659 1834 00010010
1674 1759 1773 1814 valebit
1787 1759 1900 1828 primum

1094 1833 1298 1892 testamentum,
1321 1827 1386 1882 11001
1407 1827 1484 1882 1000
1503 1827 1899 1896 0001011011000101·00100001.

1094 1903 1108 1950 6
1143 1897 1214 1950 illud
1232 1895 1313 1950 etiam
1328 1897 1392 1950 huie
1409 1897 1461 1964 legi
1474 1897 1656 1978 perspeximus
1675 1897 1852 1962 inserendum,
1870 1905 1901 1950 ut

1093 1965 1173 2020 etiam
1198 1963 1299 2020 Graece
1324 1965 1445 2021 omnibus
1465 1965 1548 2038 ¹hceat
1571 1967 1674 2020 testari.
1716 1965 1749 2020 D.
1769 1965 1845 2038 prid.
1862 1965 1899 2020 id.

1094 2031 1167 2104 Sept.
1195 2031 1431 2108 Corastantinopoli
1455 2033 1605 2088 Theodosio
1628 2035 1659 2088 A.
1679 2049 1749 2088 000
1769 2041 1796 2090 01
1817 2035 1899 2158 1οξἒο

1094 2119 1179 2156 corase.
1795 2109 1854 2158 a.4

1127 2167 1167 2228 22
1194 2169 1263 2242 Imp.
1293 2171 1366 2224 Zeno
1390 2175 1422 2226 A,
1449 2167 1609 2226 Sebastiano
1631 2187 1680 2242 pp.
1727 2107 1899 2226 Diclantibud

1092 2243 1252 2294 testamenta
1268 2239 1310 2294 vel
1333 2239 1412 2294 aliam
1436 2239 1580 2308 quamlibet
1599 2239 1719 2292 ultimam
1736 2239 1900 2294 voluntatem

1092 2307 1208 2376 legatum
1230 2309 1272 2362 uel
1295 2307 1526 2362 fideicommissum
1548 2309 1589 2362 uel
1613 2307 1798 2376 quodcumque
1826 2307 1899 2362 aliud

1093 2377 1209 2444 quolibet
1230 2377 1347 2444 legitimo
1371 2377 1449 2430 titulo
1473 2381 1629 2430 testatorem
1653 2391 1731 2444 posse
1750 2377 1899 2446 relinquere

1092 2443 1197 2500 minime
1215 2445 1390 2500 dubitandum
1409 2451 1456 2500 est.
1491 2445 1607 2500 testibus
1631 2445 1710 2500 etiam
1728 2443 1763 2498 ad
1781 2445 1898 2500 01110100-

1091 2513 1152 2566 dam
1175 2515 1338 2568 voluntatem
1362 2513 1487 2568 adhibitis
1511 2531 1560 2584 pro
1584 2529 1633 2568 suu
1656 2513 1734 2568 libitu
1757 2513 1828 2580 quod
1851 2531 1896 2568 vo-

1090 2583 1171 2636 luerit
1187 2587 1302 2636 testator
1319 2583 1467 2650 relinquere
1482 2599 1536 2638 uon
1550 2581 1716 2650 prohibetur.
1745 2581 1778 2636 D.
1795 2581 1820 2636 1.
1831 2581 1896 2636 Mul.

1093 2649 1329 2722 Constantinopoli
1346 2651 1453 2706 Basilio
1472 2651 1579 2706 1001000
1595 2667 1632 2706 nc.
1652 2667 1724 2706 0000.
1785 2657 1820 2716 [a.
1838 2655 1897 2714 4811)

1125 2715 1164 2778 23
1190 2717 1258 2790 imp.
1278 2719 1401 2774 Iustinus
1418 2723 1449 2774 A.
1466 2719 1601 2774 Archelao
1623 2737 1671 2792 pp.
1712 2719 1840 2774 Consulis
1857 2719 1897 2772 di·

1090 2787 1172 2854 talia,
1202 2789 1298 2856 quibus
1325 2789 1493 2842 considerate
1518 2793 1689 2858 prospectum
1710 2793 1762 2854 est,
1791 2803 1825 2842 00
1850 2803 1897 2842 vo·

1089 2857 1206 2910 10010100
1238 2857 1348 2912 ultimae
1379 2857 1557 2910 deficientium
1588 2857 1614 2910 10
1646 2857 1698 2908 hac
1729 2857 1802 2924 regia
1832 2857 1897 2910 urbe

1091 2925 1227 2978 0001001οθ
1253 2925 1324 2992 apud
1352 2925 1432 2980 alium
1458 2925 1556 2992 aperiri
1582 2925 1686 2992 possint
1710 2939 1789 2992 quam
1812 2925 1897 2978 virum

1091 2993 1265 3046 clarissimum
1286 3009 1336 3064 pro
1360 2997 1479 3062 ternpore
1501 3009 1596 3046 census
1613 2993 1781 3058 magistrum,
1803 3009 1897 3046 monu-

1089 3061 1185 3114 mentis
1210 3061 1443 3116 intervenientibus
1470 3079 1519 3130 pro
1545 3061 1611 3116 iuris
1639 3061 1745 3128 ordine,
1776 3077 1843 3114 neve
1868 3061 1897 3114 10

1089 3127 1250 3194 hereditate,
1275 3129 1352 3184 cuius
1374 3145 1476 3184 summa
1500 3133 1605 3184 centum
1622 3145 1764 3184 aureorum
1781 3129 1897 3196 pretium

1088 3213 1143 3250 non
1160 3197 1271 3264 excedit,
1292 3197 1419 3252 mercedis
1438 3197 1579 3266 quicquam
1598 3205 1644 3250 aut
1662 3205 1816 3264 sumptuum
1834 3213 1896 3250 000-

1090 3283 1148 3320 sum
1179 3265 1395 3320 administrantes
1425 3273 1472 3320 aut
1498 3265 1629 3320 censualis
1655 3265 1788 3346 apparitio
1815 3283 1896 3334 super

1088 3335 1241 3388 intimandis
1258 3333 1711 3404 101000100ἥο00100010100001,
1729 3333 1806 3388 firma
1823 3351 1895 3388 nuuc

1089 3419 1194 3472 quoque
1218 3403 1347 3456 edicimus
1373 3419 1406 3456 sc
1439 3403 1577 3472 ¹⁴repetita
1601 3403 1816 3484 promulgatione
1841 3419 1895 3458 non

1089 3471 1175 3526 solum
1183 3471 1284 3526 iudices
1295 3473 1473 3540 quorumhbet
1481 3471 1653 3526 tribunalium
1663 3475 1692 3536 ¹⁵,
1709 3487 1802 3526 rerum
1815 3471 1896 3526 edam

1088 3539 1243 3594 defensores
1265 3541 1476 3608 ecclesiarumffl,
1499 3557 1565 3610 quos
1589 3541 1769 3610 turpissimum
1788 3539 1893 3592 intima-

1087 3607 1197 3664 tionis¹⁷
1220 3625 1305 3676 genus
1328 3609 1489 3678 inrepserat,
1514 3609 1724 3676 praemonendus
1747 3625 1893 3672 censemus,

1088 3693 1122 3732 00
1135 3693 1191 3730 rem
1204 3677 1344 3746 attingant,
1360 3693 1429 3746 quae
1442 3675 1538 3730 nemini
1550 3693 1660 3746 prorsus
1673 3677 1789 3730 omnium
1799 3691 1893 3730 secun·

1088 3745 1150 3800 dum
1168 3745 1387 3800 constitutionum
1404 3749 1548 3814 praecepta
1563 3761 1643 3814 quam
1657 3761 1752 3800 census
1766 3745 1892 3814 magistro

1088 3815 1221 3882 competit.
1259 3813 1404 3868 absurdum
1422 3820 1464 3868 est
1476 3829 1596 3880 namque,
1615 3813 1638 3868 si
1652 3813 1811 3882 promiscuis
1826 3813 1892 3866 acti-

1087 3883 1137 3934 bus
1147 3899 1235 3936 rerum
1249 3883 1392 3936 turbentur
1407 3883 1495 3936 officia
1511 3883 1594 3936 etalii
1609 3883 1737 3936 creditum
1751 3883 1820 3936 alius
1830 3883 1892 3936 sub-

1086 3953 1183 4018 trahat,
1194 3967 1227 4006 00
1236 3949 1380 4020 praecipue
1391 3951 1502 4016 clericis,
1517 3949 1612 4018 quibus
1624 3949 1796 4018 opprobrium
1808 3955 1856 4016 est,
1871 3949 1893 4004 01

1086 4021 1186 4088 peritos
1196 4035 1226 4074 se
1235 4021 1319 4072 uelint
1328 4019 1550 4088 disceptationum
1563 4035 1622 4072 0000
1631 4019 1791 4074 forensium:
1806 4033 1893 4086 poena

1086 4087 1166 4142 etiarn
1193 4087 1318 4142 feriendis
1345 4087 1547 4142 temeratoribus
1573 4087 1721 4156 praesentis
1748 4087 1892 4140 sanctionis

1086 4157 1278 4224 quinquaginta
1298 4155 1426 4210 librarum
1449 4155 1515 4210 auri.
1548 4171 1597 4210 000
1611 4157 1679 4208 0οἰιο
1695 4153 1893 4208 concedendum

1085 4231 1134 4294 est,
1147 4231 1178 4280 ut
1192 4239 1317 4294 suprema
1330 4229 1392 4278 vota
1406 4223 1582 4278 deficientium
1595 4223 1740 4278 eversionis
1751 4225 1893 4292 quicquam

1085 4309 1119 4348 ex
1132 4293 1280 4360 incongrua
1294 4291 1474 4346 insinuatione
1488 4291 1655 4358 contrahant,
1671 4291 1733 4346 dum
1742 4307 1785 4346 res
1801 4291 1835 4346 ab
1850 4291 1892 4346 10-

1086 4361 1209 4430 congruis
1225 4367 1372 4428 usurpatur
1388 4361 1524 4414 audacter.
1551 4359 1584 4414 D.
1600 4375 1663 4414 sris
1678 4359 1704 4414 lc.
1719 4359 1809 4414 Dec.ll
1825 4359 1891 4414 000·

1084 4427 1263 4498 stuntincpoli
1277 4429 1386 4484 1001100
1401 4429 1432 4482 Α.
1448 4435 1514 4484 001
1528 4427 1652 4500 Opilionc
1667 4445 1753 4484 00000.
1786 4433 1890 4493 [0111]

1121 4495 1160 4554 24
1186 4495 1277 4568 ²⁹Imp.
1301 4495 1473 4552 lastinianus
1495 4497 1526 4552 A.
1548 4495 1646 4552 Menae
1665 4515 1714 4570 pp.
1754 4497 1891 4566 Ambigui-

1085 4569 1163 4630 tates,
1182 4581 1250 4634 quae
1268 4567 1310 4620 vel
1326 4565 1459 4634 imperitia
1474 4567 1515 4620 vel
1534 4565 1634 4620 desidis
1651 4573 1809 4624 testamenta
1828 4583 1890 4620 000-

1085 4633 1259 4688 scribentium
1282 4633 1414 4702 oriuntur,
1437 4635 1594 4690 resecandas
1619 4651 1678 4688 esse
1701 4651 1837 4690 censemus
1856 4641 1890 4698 et,
1940 4661 1941 4664 ¹

1085 4701 1140 4756 sire
1148 4701 1280 4758 institutio
1291 4703 1416 4756 heredum
1425 4709 1487 4772 post
1497 4705 1644 4772 legatorum
1653 4703 1774 4756 dationes
1790 4703 1890 4772 scripta

1085 4771 1177 4824 situel
1195 4769 1247 4824 alia
1265 4771 1452 4840 praetermissa
1470 4771 1506 4824 sit
1520 4771 1668 4826 observatio
1682 4789 1737 4826 000
1754 4787 1787 4826 ex
1803 4779 1890 4824 mente

1084 4839 1228 4906 testatoris,
1246 4841 1293 4894 sed
1310 4841 1373 4894 vitio
1391 4839 1540 4894 tabellionis
1558 4841 1600 4894 rel
1617 4841 1726 4894 alterius
1745 4839 1790 4908 qui
1806 4843 1890 4894 testa-

1083 4915 1199 4962 mentum
1209 4909 1309 4976 scribit,
1324 4909 1391 4968 nulli
1400 4909 1531 4962 licentiam
1541 4907 1709 4962 concedimus
1719 4925 1767 4978 per
1776 4923 1835 4962 000
1845 4923 1892 4962 00-

1084 4977 1217 5032 00010000
1230 4979 1367 5032 testatoris
1376 4979 1538 5032 voluntatem
1551 4979 1704 5032 subvertere
1712 4977 1753 5032 vel
1761 4975 1889 5030 minuere.

1083 5043 1116 5098 D.
1135 5045 1161 5098 lc.
1172 5043 1259 5100 100.ΞΟ
1276 5047 1320 5100 aba
1337 5045 1491 5100 Iustiniana
1508 5047 1539 5098 A.
1553 5063 1603 5168 pp.
1624 5059 1651 5098 rr
1667 5061 1740 5098 cons.
1776 5049 1810 5110 [a.
1830 5047 1889 5106 5181

1099 5111 1155 5192 Ι25
1181 5113 1282 5170 211100
1301 5115 1332 5170 A.
1350 5113 1449 5170 110000
1467 5131 1534 5196 ,00ι
1580 5113 1728 5214 raepcsteri
1745 5113 1889 5194 reprehen-

1084 5197 1197 5248 sionem,
1222 5199 1301 5250 quam
1322 5185 1426 5238 noraha
1450 5185 1623 5236 constitutro²
1650 5199 1680 5238 m
1697 5181 1889 5236 110101110οι0-

1081 5355 1160 5420 001110
1230 5353 1353 5406 librarum
1361 5355 1418 5406 auri
1427 5359 1545 5406 iterantur
1555 5359 1578 5408 in
1592 5361 1614 5420 l,
1623 5369 1680 5422 3,,10
1730 5359 1774 5420 (ta)
1786 5357 1822 5406 sic
1831 5357 1887 5404 dett.
1947 5421 1948 5424 Ἴ

1082 5441 1133 5474 aum
1153 5425 1167 5474 l.
1185 5443 1254 5490 pan,
1276 5423 1488 5488 prutribunalium
1510 5425 1553 5476 OB.
1654 5427 1698 5488 (10)
1716 5425 1793 5474 buius
1810 5419 1890 5470 almae

1082 5491 1150 5542 urbis
1168 5493 1213 5542 ins.
1234 5493 1248 5542 l.
1266 5513 1325 5558 pern.
1396 5495 1438 5556 (11)
1462 5491 1636 5554 10110011οηὶ0]
1661 5491 1807 5542 1001000011
1826 5489 1888 5540 ulti·

1081 5575 1132 5608 mas
1156 5557 1323 5610 deficientium
1342 5561 1481 5612 voluntates
1508 5563 1522 5610 l.
1539 5581 1599 5628 pem.
1685 5563 1731 5622 (ιο)
1757 5561 1793 5608 sic
1817 5557 1887 5622 Hal,

1082 5629 1104 5678 tl.
1127 5643 1189 5678 xum
1212 5629 1237 5678 k.
1255 5629 1301 5678 iul.
1325 5631 1390 5680 alios
1474 5629 1521 5692 (19)
1539 5631 1609 5696 incipe
1628 5631 1651 5688 3,
1671 5639 1706 5690 re,
1724 5637 1759 5678 31).
1785 5629 1858 5690 6,11,
1877 5641 1885 5680 1

1081 5697 1129 5758 (10)
1144 5695 1201 5746 Iun.
1218 5715 1269 5746 cam
1280 5701 1303 5754 3,
1314 5709 1386 5758 raso
1396 5719 1442 5748 scr.
1486 5699 1531 5762 (οι)
1546 5701 1618 5762 inape
1629 5701 1651 5758 11,
1663 5707 1698 5752 ss,
1706 5706 1727 5746 11
1771 5695 1819 5758 (00)
1835 5695 1885 5746 diri

1081 5765 1172 5816 Leonis
1190 5767 1235 5814 ias.
1254 5769 1308 5818 decr.
1322 5769 1432 5832 foa-tasse
1451 5767 1555 5818 00100.
1575 5769 1597 5826 3,
1617 5775 1650 5828 ts,
1669 5773 1692 5816 ιι
1730 5779 1733 5786 ’
