4258 6258
252 365 297 414 Da
317 363 611 414 PROOURATORIBUS

1056 345 1113 416 105

1808 357 1899 420 1112

924 443 1222 456 muna—q

249 531 334 582 banac
357 529 539 600 praefecturae
562 531 763 588 sublimissimae
786 531 921 598 festigium
938 531 978 586 vel
996 547 1051 584 ma-

248 597 382 666 gisterium
404 597 517 652 militare
540 601 580 654 vel
604 603 812 656 consistorianos
844 599 981 652 comidrec
1010 601 1051 652 in·

248 665 331 732 signia
355 667 480 720 meruerit
497 665 631 732 dignitatis
649 669 690 722 rcl
709 665 901 738 proconsulare
917 667 960 720 ius
978 665 1050 720 dixe-

249 733 284 786 rit
308 737 356 786 aut
381 733 471 786 vicani
492 733 571 788 fuerit
596 735 823 790 administratione
854 731 1001 798 subsuitur,
1028 735 1051 786 si

249 799 312 866 quid
329 801 363 854 ab
382 815 412 852 eo
430 799 471 854 vel
488 801 602 858 infertur
617 805 732 870 iurgium
749 803 790 854 vel
807 801 930 864 refertur,
954 813 1051 870 procu-

248 867 343 922 ratoris
375 883 516 936 personam
548 871 576 924 in
607 871 704 938 negotii
737 869 780 924 sui
803 867 861 922 iura
898 869 1050 922 substituat.

248 935 318 1002 quod
345 935 368 990 si
394 937 452 1004 quis
479 939 620 992 sanctionis
645 939 723 990 buius
746 941 847 990 statuta
869 941 1050 1004 transgressus

246 1003 350 1056 iudiciis
375 1017 433 1058 sese
455 1005 607 1072 iurgaturus
630 1003 781 1072 ingesserit,
806 1009 896 1056 carcat
919 1005 975 1058 eius
996 1005 1050 1060 litis

201 1083 203 1086 ·
247 1075 331 1134 sorte,
357 1071 431 1126 curius
452 1089 506 1126 non
524 1089 572 1140 per
591 1075 789 1140 procuratorem
806 1071 955 1152 expectavit
973 1087 1050 1126 cren·

247 1143 311 1190 tum.
345 1137 425 1192 iudex
442 1139 525 1194 nihilo
543 1139 636 1202 minus,
656 1137 701 1206 qui
719 1139 930 1206 contraissent,
947 1141 1050 1194 navent

247 1219 309 1258 asc
326 1207 417 1274 viginti
439 1207 521 1260 libras
539 1209 610 1270 auri,
635 1207 667 1258 ab
692 1203 781 1260 officio
801 1221 903 1274 quoque
923 1223 972 1260 suo
989 1213 1050 1262 tan-

246 1273 353 1326 tundem
375 1273 499 1340 ponderis
523 1275 685 1340 exigendum.
728 1273 760 1328 D.
779 1289 861 1328 Χτιιι
877 1273 903 1328 λ.
923 1275 978 1330 aar.
998 1277 1049 1330 Ar·

247 1335 325 1392 radio
343 1339 374 1392 Α.
393 1353 422 1392 JJ
437 1345 465 1394 et
482 1339 582 1410 Rufino
601 1357 687 1396 conss.
929 1343 965 1412 [a.
985 1345 1047 1414 392]

280 1405 318 1464 ab
338 1407 444 1478 lurppp.
455 1407 590 1462 Arcadius
599 1407 740 1462 Honorius
756 1415 783 1462 et
793 1407 1047 1464 ΤίιοοιίοςίαςΑΑΑ.

245 1475 385 1530 Aritlremio
393 1491 444 1544 pp.
479 1473 510 1528 In
527 1475 687 1544 pecuniariis
707 1479 900 1542 controuersiis,
920 1479 970 1532 etsi
987 1495 1047 1548 spe·

245 1543 346 1594 cialiter
363 1545 414 1596 hoc
431 1545 566 1610 praecepti
584 1545 623 1596 vel
641 1545 788 1598 sententiae
806 1545 909 1598 minime
928 1547 1049 1614 designat

245 1611 402 1674 auctoritas,
426 1611 525 1678 passim
543 1611 692 1680 unicuique,
718 1613 740 1666 si
757 1619 845 1668 tamen
862 1613 900 1666 ita
917 1617 1047 1682 maluerit,

245 1691 292 1746 per
308 1683 507 1796 procuratorem
524 1679 701 1746 respondendi
723 1681 861 1736 tribuimus
879 1683 1047 1738 facultatem:

243 1745 294 1798 nisi
323 1751 379 1800 orte
398 1745 534 1812 quosdam,
552 1747 675 1802 iustiores
690 1765 887 1818 nonnumquam
899 1749 1046 1814 cbcausas‚

243 1813 421 1866 vehementior
437 1813 544 1866 maximi
560 1813 673 1868 iudicis¹
697 1817 804 1872 vocabit
822 1821 975 1872 auctoritas.
1012 1819 1046 1872 J).

240 1881 312 1950 prid.
336 1881 371 1934 id.
394 1877 449 1936 Oet.
470 1881 704 1954 Constantinopoli
721 1885 840 1940 Arcadio
857 1887 888 1940 Α.
912 1893 940 1940 et
954 1885 1047 1940 Probo

244 1963 328 2002 conss.
920 1953 963 2072 ῇα.
983 1953 1045 2022 ibit]

278 2013 315 2072 27
335 2013 458 2082 r’ppwpp
484 2023 624 2086 συνέβαινε
650 2017 711 2072 τοῦς
737 2015 832 2070 αῦτοῦς
857 2021 918 2070 ἐντο
935 2025 978 2072 έας
1002 2025 1047 2072 καί

308 2085 367 2136 τῶν
399 2079 585 2148 ἐνδοξοτάτων
613 2083 753 2158 ἀρχόντων
785 2085 865 2138 ὄντας
896 2091 941 2140 καὶ
971 2091 1047 2140 3τῶν

309 2151 484 2224 λογιωτάτων
506 2151 654 2220 διαιτητῶν
679 2155 747 2208 εἶναι
770 2157 815 2206 καὶ
833 2157 963 2208 ἐντεῦθεν
980 2153 1045 2208 εἰκό-

308 2239 363 2274 τως
387 2217 547 2292 ὑπερθέσεις
572 2225 693 2294 ἐγίνοντο
720 2227 777 2274 ταῖς
803 2217 899 2286 δίκαις,
925 2223 962 2292 μὴ
988 2241 1045 2290 σχο-

309 2287 450 2352 λαζόντων
479 2291 537 2340 τιῦν
560 2289 693 2342 ἐντολέων
714 2295 757 2340 καί
785 2295 838 2340 τοῖς
864 2289 1047 2352 ἐνδοξοτάτοις

308 2357 433 2428 άρχοοσιν
442 2361 608 2428 παραμένειν
620 2363 664 2408 καί
677 2363 732 2410 τοῖς
746 2355 900 2424 διαιτηταῖς,
919 2361 1045 2412 ἐνοιιοθέ-

308 2441 389 2486 τησεν
410 2425 440 2476 ἐν
457 2431 603 2496 προοιμίοις
626 2421 642 2490 ἡ
666 2421 786 2486 διάταξις
803 2421 894 2478 ἄλλους
909 2431 960 2494 μέν
977 2429 1046 2480 εἶναι

308 2495 338 2544 ἐν
359 2493 414 2544 τοῖς
436 2497 568 2562 μεγίστοις
591 2491 703 2560 δικαστη
722 2499 769 2544 ίοις
785 2495 844 2546 ταῖν
861 2491 1046 2556 ἐνδοξοτάτων

307 2557 447 2632 ἀρχόντων
461 2559 520 2612 τοῦς
531 2559 659 2624 ἐντολεάς,
673 2559 706 2614 cli
738 2577 765 2612 υς
774 2557 804 2612 δέ
815 2559 876 2612 τοῦς
887 2567 942 2614 τοῖς
954 2559 1045 2616 abacia

308 2625 478 2698 λογιωτάτοις
506 2625 665 2694 διαιτηταῖς,
680 2625 906 2700 ῦπηρετονμένονς
926 2635 984 2682 ταῖς
1006 2629 1044 2682 δί-

307 2697 387 2748 uersi.
412 2691 500 2748 Πάλιν
509 2691 540 2748 δέ
548 2697 593 2748 ἵνα
603 2695 657 2764 pii
672 2693 820 2750 πολλάκιςὸ
832 2693 909 2748 airis
926 2697 1045 2750 ἐντολεῦς

307 2769 351 2814 καί
372 2761 447 2834 παρὰ
469 2767 523 2816 τοῖς
547 2759 729 2826 ἐνδοξοτάτοις
751 2763 873 2834 ἐπάρχοις
896 2769 940 2816 καὶ
970 2763 1044 2838 παρά

306 2833 346 2896 τῷ
373 2825 541 2896 ἐνδοξοτάτῳ
564 2829 673 2904 ἄρχοντι
699 2829 771 2904 δοθῇ
797 2835 841 2884 καὶ
868 2835 881 2882 ἐ
901 2829 1044 2898 ποδίζηται

306 2897 388 2952 πάλιν
413 2895 448 2950 τὰ
473 2895 643 2970 δικαστήρια,
670 2899 816 2966 νομοθετεῖ
832 2919 872 2982 μη
891 2905 969 2952 ε’ποτε
995 2899 1044 2952 τὸν

306 2963 390 3018 αῦτδν
413 2965 522 3018 ἐντελέα
545 2963 592 3018 ibo
620 2963 804 3030 ἐνδοξοτάτοις
826 2985 934 3038 αρχουσι
957 2987 1042 3040 παρα·

257 3039 270 3086 2
304 3039 396 3102 μένειν
419 3031 478 3098 ῇτοι
500 3029 695 3106 προσεδρεύειν.
734 3031 843 3100 Ἐπειδὴ
860 3039 903 3086 καί
922 3039 1043 3102 συνέβαι-

305 3097 381 3168 νενῇ
396 3105 540 3168 τέμνοντος
554 3099 603 3168 τὴν
620 3099 696 3168 δίκην
709 3103 755 3154 τοῦ
772 3099 910 3168 διαιτητοῦ
923 3099 1041 3168 ἐκκλήτῳ

304 3165 458 3240 χρησασθαι
489 3167 539 3220 τὸν
569 3167 809 3222 καταδικασθέντα
839 3167 855 3234 ἢ
880 3165 1042 3240 ἀποροῦντος

239 3341 269 3406 (i)
287 3339 351 3388 sedis
360 3341 453 3388 vestrae
461 3359 506 3404 pro
516 3339 617 3389 maximi
634 3339 724 3390 iudicis
746 3341 840 3390 videtur·
858 3341 942 3406 iepisse
955 3341 1019 3390 thl
1032 3367 1042 3378 -

239 3411 305 3458 ineas
314 3411 384 3472 (ΒΣ)
419 3409 452 3470 (2)
464 3409 570 3456 dedimus
578 3409 678 3458 indicem
689 3407 817 3458 Tbaleiaei
829 3411 863 3458 ad
870 3411 895 3456 B
906 3411 929 3470 8,
940 3419 960 3472 2,
970 3419 1009 3460 ibo
1021 3419 1043 3460 et

236 3477 290 3526 ΒΣ
305 3481 352 3542 lpr.
364 3483 375 3534 ξ
388 3485 405 3524 i.
416 3485 428 3526 2
438 3477 481 3528 inl
497 3477 590 3526 reiectis
604 3485 692 3540 tamen,
701 3477 784 3540 quoad
791 3477 871 3526 videre
882 3477 954 3538 licuit,
965 3477 1041 3528 solitis

237 3545 402 3594 Basilicarum
425 3543 662 3606 interpolationibus:
681 3553 810 3610 praeterea
836 3545 870 3594 ad
892 3545 969 3608 ipsius
986 3563 1041 3594 con-

236 3613 366 3662 stitutionis
388 3613 461 3660 oerba
484 3611 612 3674 reserenda
632 3621 699 3674 sunt,
740 3629 785 3662 uae
808 3611 926 3660 habentur
949 3615 973 3662 ia
985 3613 1041 3674 fine

236 3681 339 3730 eiusdem
357 3677 534 3728 adnotationis.-
551 3681 700 3744 σημείωσαι
718 3629 748 3726 δέ
765 3671 856 3728 αῦταῦν
873 3679 912 3738 (ἐκ
923 3677 1041 3730 τιῦνΖα·

236 3747 345 3806 alariae]
368 3747 517 3816 προοιμίων
539 3745 585 3810 τῆς
607 3741 759 3806 διατάξεως,
783 3737 826 3796 δτι
852 3745 1041 3816 εἰσαγωγίμους

236 3809 311 3864 δίκας
327 3813 429 3864 ἐκείνας
444 3809 528 3878 μόνας
545 3809 619 3862 καλεῖ
635 3813 773 3876 πανταχοῦ
791 3809 837 3864 τὰς
854 3809 927 3882 παρὰ
949 3809 1040 3882 άρχον-

236 3897 279 3932 σιν
296 3879 475 3952 εἰσαγομένας,
493 3875 522 3930 οῦ
540 3877 593 3946 μὴν
610 3877 657 3930 τὰς
673 3879 746 3948 παρὰ
762 3875 909 3942 διαιτηταῖς
924 3897 1039 3948 πράττοι

234 3951 321 4014 μένας.
342 3949 463 4014 iunpemia
480 3949 573 3998 αἰδοίαν
592 3951 614 4012 2,
634 3959 696 4010 l,19
740 3951 773 4012 (3)
792 3943 898 3996 τούτων
915 3949 960 3996 ias.
974 3949 1039 3996 Ba:

269 4145 307 4206 27
329 4149 392 4202 Cam
409 4149 534 4212 evenerit,
557 4153 588 4202 at
608 4147 677 4202 idem
695 4155 721 4202 et
737 4145 813 4218 apud
828 4145 1038 4218 plomosissimos

233 4215 372 4288 praesides
390 4223 417 4270 et
432 4215 508 4286 apud
519 4215 747 4288 prudentissimos
770 4213 888 4268 arbitros
899 4227 1038 4286 precura-

236 4287 405 4338 toresessant
421 4289 447 4338 et
463 4281 534 4348 inde,
551 4289 581 4336 at
594 4283 658 4352 fieri
674 4283 752 4348 solet,
770 4281 831 4336 lites
841 4281 1038 4354 protraheren-

236 4357 288 4418 ίαν,
310 4367 370 4406 aum
386 4357 585 4430 procuratores
607 4367 662 4404 non
677 4355 791 4422 possent
809 4349 900 4404 eodem
919 4353 1038 4420 tempore

233 4425 261 4474 et
281 4419 492 4490 ploricnsslmos
515 4419 678 4488 praefectos
705 4425 732 4472 ct
752 4415 871 4470 arbitros
894 4415 1037 4488 prosequi,

233 4487 301 4542 llaec
333 4485 487 4542 constantio
518 4485 595 4538 initio
627 4485 736 4550 sanait,
767 4489 800 4538 at
828 4483 877 4538 alti
905 4499 1038 4554 procura-

235 4563 306 4608 tores
315 4553 345 4608 in
353 4553 463 4608 summis
469 4551 579 4614 iudiciis¹
591 4551 801 4606 clarissimorum
804 4551 966 4624 praesidum
974 4551 1037 4614 sint,

232 4621 282 4674 alii
294 4621 513 4702 prudentissimis
530 4635 622 4674 eoram
640 4619 750 4674 arbitris
767 4621 795 4674 ln
813 4619 905 4674 litibus
920 4619 1037 4672 ministe-

236 4695 245 4742 1
282 4707 351 4742 mam
371 4687 531 4762 praebeant.
573 4687 676 4742 Deirede
698 4703 731 4740 ne
752 4703 834 4758 saepe
851 4685 921 4740 idem
932 4701 1036 4758 proca-

233 4763 310 4812 rator
325 4763 378 4812 tam
392 4755 468 4826 apud
479 4755 691 4824 plomosissimos
700 4755 861 4826 praefectos
872 4771 952 4824 paam
962 4749 1039 4824 apud

233 4823 457 4894 ploriosissimum
470 4823 627 4902 praesidem
651 4823 731 4878 detur
752 4827 779 4876 et
800 4821 861 4878 lites
882 4837 978 4874 rursus
995 4835 1036 4872 re·

233 4891 381 4956 tardentur,
399 4895 494 4954 sancet,
512 4907 546 4944 ne
562 4905 687 4960 amquam
704 4889 774 4944 idem
796 4889 871 4962 apud
891 4889 960 4942 duos
977 4887 1036 4958 plo·

232 4959 395 5012 riesissimos
417 4959 591 5028 mapistratus
602 4957 797 5028 procuratoris
821 4957 862 5010 vel
887 4953 1037 5010 adsessoris

233 5033 246 5080 2
266 5025 513 5098 officiosunpatur.
533 5023 1036 5096 Cameriamcouaperit,utautcama

232 5093 265 5148 ab
284 5093 387 5148 arbitro
406 5091 705 5146 decisa-,condemnatas
728 5109 745 5146 a
759 5091 937 5172 pellationem
953 5091 1036 5142 inter-

228 5167 352 5232 poneret,
370 5163 420 5212 aat
434 5157 544 5224 arbiter,
563 5159 660 5214 dubias
676 5109 903 5230 qaidpaudicaret,
926 5157 1035 5212 relatio-

231 5245 291 5284 nem
314 5229 349 5280 ad
371 5225 594 5298 pieriosissimum
611 5227 768 5298 praesidem
791 5229 834 5280 cai
857 5225 980 5280 subditus
997 5229 1037 5278 est

230 5299 346 5364 faceret,
363 5307 397 5348 ao
408 5291 529 5364 proinde
545 5291 587 5358 lis,
605 5295 759 5366 qaaeapud
773 5295 903 5348 arbitrum
917 5293 964 5364 api
977 5307 1036 5346 eoe-

227 5365 327 5434 pisset,
350 5359 389 5416 ad
408 5357 633 5430 pieriosissimam
650 5363 824 5434 praefectam
843 5361 930 5432 ι’γείας
949 5365 1036 5412 trans-

230 5431 302 5500 ferri
328 5431 470 5492 diameter,
495 5427 585 5480 sancit
607 5429 777 5494 constitutio,
803 5445 837 5484 ne
856 5433 1035 5502 procurator,

231 5499 278 5568 qui
292 5497 368 5570 apud
376 5493 507 5550 arbitram
518 5509 625 5546 causam
638 5511 719 5564 apere
729 5497 827 5568 eoepit,
842 5497 953 5550 eandem
962 5491 1038 5568 apud

231 5565 408 5626 clarissimam
428 5559 583 5634 praesidem
610 5563 744 5628 terminet,
770 5563 818 5618 secl
839 5563 983 5618 translatio
1001 5559 1035 5614 ab

179 5643 181 5646 ·
230 5631 290 5702 ipso
307 5633 336 5688 in
348 5635 558 5704 procuratorem
571 5627 617 5696 qui
628 5629 753 5698 praesidi
765 5631 873 5686 adnatet
881 5631 942 5700 fiat,
959 5627 1035 5682 nullo

230 5707 338 5772 sumptu
347 5697 475 5780 probae
494 5693 671 5750 mansiatione
686 5697 765 5766 quasi
776 5697 954 5776 predatione
966 5711 1035 5766 pro-

230 5773 366 5822 curatores
386 5763 515 5836 faciendo
539 5777 623 5832 napae
639 5777 711 5814 noca
728 5765 905 5820 satisdatione
916 5767 1036 5834 propter

296 5853 322 5900 ll.

1168 537 1214 614 τοῦ
1241 531 1378 604 διαιτητοῦ
1405 537 1470 612 πρὸς
1495 537 1545 608 τὴν
1569 537 1653 612 τομὴν
1675 541 1721 606 τῇς
1743 535 1901 594 ὑποθέσεως

1167 607 1288 690 αναχγορᾷ
1310 603 1464 676 χρήσασθαι
1485 607 1534 674 τρν
1552 607 1691 678 διαιτητὴν
1712 607 1776 678 πρὸς
1793 605 1842 660 τὸν
1860 609 1899 658 ἐν·

1168 667 1315 732 δοξστατον
1337 671 1461 744 άρχοντα,
1484 675 1585 732 obelata
1603 681 1677 732 ἐστιν
1694 671 1837 740 διαιτητής,
1856 677 1899 726 καί

1168 739 1296 790 ἐντεῦθεν
1313 735 1329 804 ἢ
1346 739 1405 806 δίκη
1423 737 1439 806 ἡ
1457 739 1587 812 δηχθεῖσα
1604 745 1677 820 παρὰ
1691 741 1814 816 διαιτητῇ
1832 741 1900 814 λέγε-

1167 825 1212 858 ται
1233 809 1436 876 μεταφέρεσθαι
1461 811 1535 862 aaa
1561 817 1600 880 τῷ
1625 809 1791 878 ἐνδοξοτάτῳ
1820 807 1900 862 αὐτοῦ

1167 871 1283 942 ἄρχοντι,
1306 873 1450 940 νομοθετεῖ
1468 873 1484 942 ἦ
1501 831 1619 942 διάταξις
1634 881 1670 948 μὴ
1687 881 1736 934 τὸν
1753 873 1900 966 ἀρξάμενον

1167 943 1212 1006 της
1232 939 1305 1004 δίκης
1328 939 1435 992 ἐντολέα
1452 945 1527 1028 παρὰ
1542 949 1582 1014 τῷ
1604 945 1725 1016 διαιτητῇ
1749 945 1832 1000 αυτὸν
1855 963 1899 1000 πε-

1166 1011 1259 1092 ραιοῦν
1276 1005 1326 1072 τὴν
1343 1005 1419 1074 δίκην
1437 1027 1511 1080 παρα
1531 1017 1571 1080 τῷ
1595 1005 1761 1082 ἐνδοξοτάτῳ
1784 1015 1899 1088 ἄρχοντι,

1166 1073 1232 1128 αλλὰ
1249 1073 1418 1144 μετένταλμα
1453 1077 1562 1130 ίνεσθαι
1579 1077 1644 1154 παρ’
1671 1081 1751 1136 αὐτοῦ
1770 1081 1836 1152 πρὸς
1852 1077 1901 1134 τὸν

1166 1141 1274 1194 ἐντελέα
1280 1141 1328 1194 τὸν
1341 1145 1381 1208 τῷ
1392 1095 1559 1212 ἐνδῦξοτάτῳ
1569 1145 1677 1218 άρχοντι
1691 1147 1899 1224 παρεδρεύοντσ,

1165 1207 1293 1278 μηδεμιᾶς
1310 1207 1429 1276 δαπάνης
1446 1209 1482 1264 nis
1499 1215 1544 1266 ἐπὶ
1559 1215 1677 1286 προβολῇ
1688 1215 1815 1270 ἐντολέως
1829 1235 1899 1290 γινο-

1164 1281 1244 1344 μένης
1270 1281 1314 1330 έπῖ
1337 1275 1425 1344 τούτῳ
1443 1281 1483 1344 τῷ
1500 1277 1703 1348 μετεντάλματι,
1724 1283 1793 1350 μηδέ
1809 1285 1900 1348 καινῆς

1167 1341 1332 1398 ἱκανοδοσίας
1358 1341 1402 1396 διά
1425 1347 1504 1398 τοῦτο
1527 1345 1558 1398 τὸ
1581 1347 1749 1418 μετένταλμα
1772 1347 1898 1404 άπαιτον·

1164 1417 1258 1490 μένηςχ
1273 1409 1338 1464 ἀλλὰ
1353 1417 1397 1464 καὶ
1412 1411 1614 1476 advindicatum
1623 1417 1688 1468 Solvi
1702 1421 1745 1468 καί
1755 1417 1805 1482 τὴν
1814 1423 1899 1470 ratam

1164 1497 1219 1534 rem
1229 1473 1312 1530 οῦτως
1324 1479 1353 1540 ἐξ
1361 1475 1438 1550 άρχῇς
1445 1475 1668 1552 ῦπαγορεῦεσθαι,
1684 1479 1719 1536 ιῦς
1728 1487 1899 1554 περιέχεσθαι

1166 1545 1255 1600 αῦταῖς
1277 1551 1322 1596 καὶ
1344 1545 1378 1598 τὰ
1401 1545 1581 1618 δαπανήματα
1603 1551 1650 1600 τοῦ
1670 1547 1792 1602 τοιοῦτον
1808 1573 1897 1620 μετεν-

1163 1611 1301 1682 τάλματος,
1317 1611 1389 1666 ῖναὸ
1405 1611 1567 1686 ἐγγυώμενος
1582 1615 1631 1680 τῇν
1644 1623 1710 1684 μίαν
1723 1617 1829 1670 τούτων
1841 1619 1899 1670 τῶν

1165 1677 1341 1734 ἱκανοδοσιιῦν
1356 1683 1524 1752 ἐπερωτᾶται
1538 1679 1580 1736 ῦτι
1597 1679 1763 1756 ΗΘμολογαῖὁ
1780 1689 1824 1736 καὶ
1841 1687 1897 1738 τοῦ·

1163 1743 1226 1800 ’τον
1242 1747 1292 1800 τδν
1309 1749 1381 1820 παρὰ
1399 1751 1440 1818 erpi
1457 1747 1580 1818 διαιτητῇ
1598 1749 1706 1804 ἐντολέα
1721 1755 1766 1804 ἐπὶ
1781 1755 1813 1818 τῇ
1831 1753 1897 1806 iudi·

1163 1809 1267 1870 ‘caium
1282 1817 1347 1868 solvi
1365 1811 1391 1884 (ἢ
1407 1819 1440 1890 τῇ
1459 1823 1544 1872 ratam
1561 1807 1637 1884 itud)
1655 1807 1840 1890 ἐγγεγνῇσθαι,
1853 1821 1896 1870 καί

1164 1879 1203 1934 ἐἰ
1225 1885 1314 1952 cuppa}
1331 1885 1361 1946 ἐξ
1377 1881 1512 1956 άναφορῦς
1529 1887 1575 1938 τοῦ
1595 1883 1730 1952 διαιτητοῦ
1754 1883 1840 1952 ricini
1859 1889 1897 1938 ἐκ·

1163 1945 1272 2018 ‘aldrov
1286 1939 1425 2018 διδομένης
1437 1951 1504 2004 κατά
1519 1955 1565 2018 τῇς
1585 1949 1665 2004 αὐτοῦ
1683 1951 1722 2024 ιμ’)
1744 1973 1774 2004 ον
1794 1973 1897 2022 μετενε-

1162 2013 1278 2086 χθῆναι
1301 2019 1350 2086 τὴν
1373 2017 1449 2086 δίκην
1466 2021 1502 2072 εἰς
1518 2019 1548 2072 τὸ
1565 2027 1691 2094 μέγιστον
1732 2019 1895 2094 ικαστηριον,

1162 2081 1279 2138 ὀῦτινῦς
1296 2089 1371 2138 ἐστιν
1388 2085 1402 2140 ri
1421 2085 1561 2154 decerperis,
1584 2087 1693 2140 καὶτὸν
1711 2091 1739 2142 ἐκ
1755 2085 1896 2158 μετεντάλ·

1161 2149 1168 2236 Ξ
1175 2171 1257 2220 ματος
1284 2153 1416 2224 μέλλοντα
1438 2157 1507 2208 εἶναι
1530 2155 1637 2210 ἐντολέα
1663 2159 1692 2208 ἐν
1715 2159 1755 2222 τῷ
1777 2163 1895 2228 μεγίστῳ

1176 2219 1338 2294 δικαστηρίῳ
1355 2223 1422 2274 κατὰ
1441 2221 1490 2274 τὸν
1503 2217 1596 2290 δμοιον
1604 2223 1707 2296 τρόπον
1722 2217 1894 2296 ἐγγεγῦημαιί

1114 2297 1127 2346 3
1161 2285 1221 2342 Ἐάν
1238 2289 1288 2362 γὰρ
1304 2289 1342 2358 μὴ
1358 2293 1444 2342 ταῦτα
1458 2287 1548 2344 πάντα
1563 2289 1773 2364 παραφυλαχθῇ,
1792 2293 1815 2342 εί
1831 2289 1898 2360 μὲν8

1162 2359 1201 2408 ἐνὶ
1218 2359 1276 2410 τῶν
1292 2361 1429 2430 μεγίστων
1447 2355 1628 2430 δικαστηρίων
1644 2355 1660 2424 ἦ
1679 2361 1830 2428 νομοθεσία
1847 2377 1897 2412 πα-

1162 2427 1298 2496 ραβαθείη
1321 2427 1362 2492 τοῦ
1385 2423 1531 2498 προσφέρω
1556 2433 1674 2512 σκρινίῳ,
1698 2433 1779 2480 πέντε
1797 2425 1897 2498 λιτρῶν

1160 2499 1267 2566 χρυσίον
1284 2491 1435 2560 καταθήσει
1452 2493 1561 2560 ποινήν·
1580 2515 1602 2546 ει
1619 2491 1649 2546 δέ
1662 2493 1734 2564 παρὰ
1750 2493 1897 2560 διαιτηταῖς

1161 2559 1177 2642 ῇ
1193 2561 1344 2628 νομοθεσία
1362 2561 1546 2630 παραβαθείη,
1569 2559 1584 2614 ὁ
1605 2565 1650 2614 τ”ς
1667 2559 1740 2628 δίκης
1757 2559 1897 2634 πληρωτὴς

1161 2647 1175 2680 ο
1193 2625 1380 2700 προσεδρεύων
1397 2631 1437 2694 τῷ
1448 2625 1605 2700 λογιωτάτῳ
1621 2583 1743 2702 διαιτητῇ
1759 2633 1819 2698 μιᾶς
1836 2649 1852 2694 χ
1869 2649 1895 2680 v-

1160 2703 1218 2748 σίον
1240 2695 1330 2768 λίτρας
1353 2693 1572 2762 άπαιτηθῇσεται
1592 2695 1701 2762 ποινήν,
1725 2697 1753 2748 οἱ
1775 2695 1805 2748 δέ
1821 2649 1896 2748 cilios

1160 2761 1208 2814 δῦο
1226 2763 1252 2816 οἱ
1268 2765 1297 2816 ἐκ
1314 2767 1372 2816 τῶν
1389 2761 1492 2826 τάξεων
1510 2761 1690 2836 άηοωρισμένοι
1712 2767 1752 2830 τῷ
1772 2763 1894 2834 διαιτητῇ

1160 2829 1218 2896 ῇτοι
1240 2835 1269 2884 ἐκ
1285 2835 1343 2884 τιῦν
1361 2831 1466 2896 σχολῶν
1483 2829 1530 2884 δῦο
1545 2839 1653 2904 χρνσίον
1670 2831 1770 2902 λιτριῦν
1784 2829 1896 2898 deatum

1160 2897 1294 2964 θήσονται
1312 2897 1472 2968 πρόστιμον·
1490 2895 1569 2950 ababa
1588 2897 1616 2952 δέ
1634 2895 1759 2962 ἐντολεῦς,
1778 2895 1848 2970 ἀφ’9
1865 2895 1894 2952 οῦ

1160 2985 1187 3018 τι
1212 2967 1404 3048 παραβαθείῇ,
1437 2963 1548 3036 πληγαῖς
1580 2965 1793 3038 σωφρονιζέσθω
1822 2963 1896 3036 παρά

1160 3035 1207 3084 τοῦ
1224 3031 1350 3104 ἄρχοντος
1372 3053 1389 3098 η
1410 3033 1458 3086 τοῦ
1476 3031 1626 3100 διαιτητοῦ,
1652 3033 1830 3102 κεκωλυμένος
1846 3035 1894 3086 τοῦ

1160 3099 1252 3152 λοιποῦ
1270 3097 1389 3152 ἐντολεῦς
1406 3103 1437 3152 έν
1454 3097 1617 3174 δικαστηρίῳ
1636 3097 1773 3152 δίδοσθαι.

1127 3163 1166 3224 28
1187 3165 1274 3220 ¹⁰’abo
1287 3163 1302 3220 ῦ
1317 3165 1442 3240 ἐγγυητὴς
1455 3171 1503 3220 τοῦ
1517 3165 1642 3222 ἐντολέως
1652 3165 1689 3236 μί)
1706 3163 1782 3240 ὁρίσῃ
1799 3165 1896 3238 χρόνον

1091 3339 1251 3404 praemittitur
1277 3339 1350 3388 eninr:
1381 3335 1434 3388 εἰσί
1454 3351 1524 3388 τινες
1548 3337 1578 3388 ἐν
1610 3335 1644 3408 τῇ
1667 3333 1787 3402 βασιλίδι
1820 3333 1895 3392 πόλει

1093 3403 1227 3468 διαιτηταί
1245 3407 1289 3454 καί
1307 3401 1381 3474 παρά
1398 3405 1456 3456 τιῦν
1474 3399 1656 3464 ἐνδοξοτάτων
1674 3405 1833 3474 στρατηγεῖν
1850 3407 1893 3456 καί

1092 3469 1166 3544 παρὰ
1182 3467 1272 3522 ἄλλων
1289 3465 1428 3542 άρχάντοιν
1447 3467 1589 3538 διδόμενοι,
1612 3469 1649 3524 οἷς
1665 3477 1894 3544 παραπέμπονται

1092 3533 1320 3592 steinbrechen
1338 3537 1424 3590 οάσεις
1480 3543 1512 3604 (4)
1523 3537 1650 3592 visitans
1659 3561 1705 3590 scr.
1760 3541 1792 3606 (5)
1802 3537 1893 3604 ἐπειδὴ

1148 3605 1185 3674 μή
1202 3609 1257 3670 ΒΣ,
1282 3603 1298 3672 ἡ
1320 3557 1439 3666 διάταξις
1460 3601 1518 3660 ἄπα
1535 3603 1619 3678 ορεῦει
1642 3603 1689 3658 δῦο
1713 3603 1893 3678 δικαστηρίων

1090 3675 1139 3728 τὸν
1162 3669 1244 3726 αῦτδν
1266 3673 1334 3726 εῖναι
1358 3669 1487 3742 δημόσιον
1509 3625 1625 3738 δντολέα,
1649 3669 1714 3726 ἀλλά
1736 3671 1827 3726 illave
1843 3677 1893 3742 μέν

1150 3737 1295 3792 citauerunt
1311 3737 1378 3822 μῇτε
1396 3745 1488 3794 omissis
1505 3745 1603 3808 reliquis
1621 3745 1647 3792 B
1719 3749 1752 3806 (b)
1769 3747 1806 3794 sic
1822 3745 1893 3794 Oraia·

1091 3815 1140 3862 cius
1157 3813 1197 3872 (ετ
1214 3811 1311 3872 libror),
1328 3807 1452 3880 ομολογεῖ
1468 3811 1494 3860 Β
1574 3813 1614 3874 ,(7)
1631 3813 1710 3858 retent
1727 3827 1777 3860 rem
1796 3831 1839 3862 om.
1859 3813 1893 3870 B,

1089 3879 1202 3942 supplevi
1222 3897 1250 3928 ea
1268 3879 1320 3926 ΒΣ
1401 3881 1434 3942 (8)
1452 3877 1482 3928 ἐν
1499 3879 1544 3928 ιἰις.
1562 3879 1703 3930 Zachariae
1787 3879 1821 3942 (9)
1843 3873 1891 3946 rip'

1090 3945 1199 3996 Harcier
1266 3945 1311 4006 (10)
1326 3963 1367 4008 pr.
1385 3969 1418 3988 a
1435 3937 1503 3996 ‘Para
1524 3949 1561 4006 10,
1580 3957 1592 3996 5

1242 4079 1320 4086 ...μ-μ...

1088 4143 1160 4198 barra
1178 4141 1380 4196 translationem
1397 4141 1547 4212 emipeada:
1564 4141 1612 4194 sed
1628 4149 1654 4196 et
1667 4141 1814 4194 iudicatam
1825 4143 1893 4198 sotei

1088 4217 1116 4266 et
1131 4215 1220 4264 ratam
1236 4225 1293 4264 rem
1309 4209 1350 4262 ita
1367 4209 1400 4264 ab
1417 4209 1494 4262 initio
1509 4209 1706 4280 concipiantur,
1723 4215 1755 4262 at
1765 4209 1800 4264 iis
1812 4211 1892 4264 etiam

1088 4275 1218 4332 eiusmodi
1237 4275 1425 4330 mansiationis
1441 4281 1564 4348 sumptus
1581 4279 1778 4342 contineantur,
1796 4293 1827 4332 eo
1845 4277 1893 4348 qui

1088 4347 1246 4400 altmatram
1262 4341 1358 4398 barum
1373 4343 1580 4398 satisdationem
1591 4345 1766 4416 praestatsia
1774 4347 1891 4416 promit-

1089 4417 1173 4468 tente:
1191 4409 1333 4464 ‘Promitte
1351 4417 1379 4464 et
1389 4425 1445 4482 pro
1463 4411 1515 4466 λοι
1532 4413 1580 4482 qui
1595 4411 1671 4482 apud
1683 4411 1813 4466 arbitram
1829 4429 1891 4466 aaa·

1088 4485 1158 4534 ‘sam
1184 4479 1242 4548 epit
1257 4479 1405 4532 iudicatum
1421 4479 1491 4534 solvi
1507 4479 1566 4546 (vel
1581 4485 1669 4532 ratam
1686 4481 1760 4546 rem)
1775 4481 1891 4534 satisda-

1088 4549 1200 4602 ‘tionem
1226 4563 1266 4600 me
1295 4545 1479 4618 impletarum,
1511 4553 1539 4600 et
1562 4547 1587 4600 si
1616 4547 1772 4618 eontiperit,
1798 4553 1830 4602 ut
1855 4563 1891 4602 aa

1088 4613 1231 4668 ‘relatione
1248 4613 1346 4668 arbitri
1362 4623 1412 4668 aut
1427 4629 1464 4668 ex
1481 4613 1662 4686 appellatione
1682 4613 1811 4668 adrasus
1835 4617 1891 4680 eius

1088 4681 1259 4734 ‘sententiam
1282 4683 1443 4752 interposita
1469 4697 1551 4736 eausa
1579 4681 1734 4736 devolvatur
1761 4683 1791 4734 in
1820 4699 1890 4734 sum-

1088 4755 1171 4802 ‘mum
1187 4749 1323 4814 iudicium,
1342 4749 1386 4804 eni
1403 4749 1504 4804 arbiter
1520 4749 1643 4804 subditas
1659 4755 1707 4814 est,
1719 4765 1776 4820 pro
1794 4767 1824 4802 eo
1843 4749 1890 4818 qui

1087 4821 1137 4872 ‘en
1157 4817 1335 4872 mandatione
1346 4823 1516 4938 procurator
1532 4817 1561 4870 tn
1577 4833 1678 4870 summo
1696 4815 1795 4870 iudicio
1812 4817 1890 4886 freta-

1087 4889 1102 4938 3
1137 4887 1198 4938 ‘ras
1223 4891 1264 4940 est
1285 4885 1366 4938 mmii
1388 4883 1467 4938 modo
1489 4883 1640 4938 intercedo!
1675 4881 1707 4936 Si
1728 4883 1797 4938 enim
1823 4883 1890 4938 laec

1087 4953 1177 5006 omnia
1200 4953 1341 5006 observata
1364 4969 1419 5006 non
1442 4957 1533 5016 mant,
1554 4951 1623 5004 siin
1640 4967 1803 5004 summorum
1821 4953 1888 5004 iradi-

1086 5019 1190 5072 eioram
1211 5017 1250 5072 ali
1268 5037 1304 5074 no
1327 5019 1374 5074 lem
1395 5019 1538 5074 violabitur
1557 5037 1575 5070 a
1603 5019 1762 5090 competenti
1778 5019 1887 5080 scrinio,

1086 5085 1204 5156 quinque
1227 5037 1356 5142 dirarum
1380 5087 1441 5140 auri
1458 5103 1578 5158 poenam
1591 5085 1744 5156 persolvet:
1772 5085 1797 5138 si
1825 5099 1887 5138 vero

1085 5173 1104 5208 a
1124 5155 1161 5206 ael
1193 5153 1311 5208 arbitros
1343 5155 1389 5208 lex
1417 5153 1569 5218 violabitur,
1597 5151 1629 5204 ab
1659 5151 1800 5206 adsessore
1819 5167 1888 5270 pru-

1106 5221 1234 5274 cntissimi
1252 5221 1347 5276 arbitri
1385 5223 1412 5274 ui
1427 5223 1498 5274 litem
1512 5221 1623 5286 instruit
1637 5219 1716 5274 anias
1726 5221 1787 5272 auri
1805 5217 1824 5270 ίι
1841 5231 1888 5268 rae

1085 5303 1175 5360 poena
1191 5289 1325 5406 calpetus,
1344 5239 1382 5342 αδ
1396 5289 1458 5342 aliis
1468 5287 1572 5342 duobus
1583 5287 1630 5358 pai
1641 5303 1677 5340 em
1689 5287 1790 5356 officiis
1802 5283 1844 5338 vel
1852 5299 1889 5336 em

1085 5353 1187 5410 sobolis
1203 5371 1236 5406 ar
1253 5355 1307 5408 itro
1325 5355 1448 5410 attributi
1469 5361 1532 5408 sunt
1549 5355 1662 5408 duarum
1680 5353 1742 5406 auri
1759 5349 1888 5404 librarum

1085 5421 1170 5476 malta
1188 5421 1326 5490 accipetnr:
1349 5425 1407 5494 ipse
1424 5429 1512 5478 autem
1524 5427 1701 5494 procurator,
1727 5437 1744 5472 a
1767 5431 1821 5486 pao
1839 5415 1888 5494 ali-

1086 5487 1152 5562 quid
1172 5489 1392 5556 praetermissam
1416 5491 1518 5560 fuerit,
1546 5487 1698 5544 verberibus
1722 5503 1740 5538 a
1757 5481 1888 5556 praeside

1085 5555 1128 5612 vel
1145 5553 1177 5606 ab
1195 5555 1298 5610 arbitro
1316 5559 1464 5628 castipetur
1487 5573 1503 5610 a
1525 5551 1647 5610 iudiciali
1668 5551 1844 5604 adaocraione
1859 5551 1888 5602 in

1083 5625 1209 5694 suturam
1223 5623 1414 5692 probibendus.

1120 5685 1158 5744 28
1184 5685 1214 5742 Si
1234 5691 1379 5758 fideiussor
1391 5689 1584 5764 procuratoris
1604 5691 1653 5738 tem
1675 5699 1707 5736 ns
1724 5699 1777 5736 non
1796 5683 1888 5754 defieri·

1086 5757 1156 5814 verit
1177 5763 1203 5810 et
1217 5757 1338 5826 forsitan
1356 5759 1470 5814 diruerit:
1493 5761 1553 5826 ‘prro
1575 5769 1605 5806 eo
1622 5751 1643 5820 ri
1662 5751 1767 5816 eiubeo,
1784 5751 1888 5806 etiamsi

1647 5841 1679 5890 lt
