4250 6258
243 353 299 420 14

244 535 310 626 ήμῦς
332 539 455 610 πολιτείᾳ
477 547 521 596 καί
540 537 651 608 αῦξησιν
669 545 846 616 παρέχονται·
865 537 903 596 δι’
921 523 961 592 δν
978 539 1053 592 έστιν

244 615 308 680 ημῖν
333 617 378 664 καί
403 611 493 682 βαρβά
512 631 552 664 ων
577 617 685 684 κρατεῖν
711 615 756 664 καί
785 613 914 684 γίνεσθαι
940 609 1053 698 κυρίοις1

245 683 363 746 ἐκείνων,
384 677 402 732 οἳ
419 631 544 750 πρόσθεν
561 675 609 730 οῦκ
626 679 739 748 εἴχομεν.
779 685 825 734 καί
842 675 951 750 ὅσῳπερ
970 697 1005 730 αν
1021 673 1056 728 τὰ

245 751 290 818 τῆς
313 745 405 804 otreio
430 745 542 810 αύξηται
564 745 726 814 σεμνότητός
752 769 782 802 τε
805 755 849 802 καί
872 763 921 800 κοσ
942 743 1053 812 ιότητος,

244 819 365 884 τοσούτω
390 819 434 868 καί
457 813 507 880 τήν
525 811 655 888 ἡμετέραν
673 817 814 872 πολιτείαν
838 811 911 870 ἐπιδι
929 811 991 868 όναι
1011 833 1053 868 πι·

244 885 378 954 στεύομεν.
418 883 441 934 εί
462 883 513 956 γάρ
536 883 563 934 οί
578 885 628 952 μέν
645 891 806 958 παρέχοιντο
827 889 890 952 βίον
908 879 1007 952 σεμνόν
1024 901 1054 934 τε

245 957 289 1006 καὶ
306 949 484 1018 πανταχόθεν
502 949 693 1018 ἀνεπίληπτον,
716 955 765 1008 τὸν
784 949 813 1004 δέ
831 949 927 1004 λοιπὸν
944 945 1054 1006 ἅπαντα

245 1021 309 1076 λαόν
334 1021 503 1084 νουθετοῖεν,
530 1015 601 1074 ώστε
627 1021 692 1096 πρὸς
713 1021 763 1088 τὴν
785 1015 878 1072 eiecto
902 1019 1054 1088 sepriense

243 1089 381 1160 βλέποντα
420 1091 479 1142 τών
512 1087 623 1144 πολλῶν
656 1085 860 1164 ἁμαρτημάτων
894 1083 1053 1154 ἀπέχεσθαι,

245 1155 387 1232 πρόδηλον,
416 1151 451 1210 ώς
477 1159 607 1212 ἐντεῦθεν
634 1161 665 1210 αἵ
687 1177 717 1210 τε
739 1159 822 1240 φυχαί
846 1157 913 1210 πᾶσι
934 1155 1054 1226 βελτίους

244 1229 352 1282 ἔσονται
374 1229 419 1278 καί
442 1223 542 1300 ῥηιδίως
563 1223 626 1296 ἡμῖν
648 1223 828 1292 ένδοθησεται
849 1223 924 1296 παρά
944 1225 993 1276 τοῦ
1009 1243 1053 1294 με·

243 1291 324 1366 γάλου
341 1295 408 1348 θεοῦ
425 1297 469 1346 καί
487 1297 605 1370 σωτῆρος
626 1291 702 1362 ήμιῦν
717 1293 804 1360 Ἰησοῦ
822 1295 942 1366 Χριστοῦ
959 1291 1053 1364 φιλαν-

246 1369 257 1416 1
294 1363 408 1436 θρωπία
434 1363 612 1434 προσήκουσα.
661 1363 749 1414 Ταῦτα
779 1367 872 1414 τοίνυν
898 1357 962 1430 ἡμῖν
989 1357 1053 1414 ἀνα-

244 1435 432 1500 σκοπουμένοις
448 1429 644 1506 προσήγγελται
661 1427 822 1504 παραδόξως
843 1427 918 1482 τινάς
938 1431 996 1482 τῶν
1014 1425 1053 1480 εῦ-

245 1497 420 1582 λαβεστάτων
443 1497 591 1564 διακόνων,
620 1499 661 1550 ἔτι
680 1519 711 1576 γε
727 1495 781 1566 μήν
799 1501 843 1548 καί
861 1501 1054 1570 πρεσβυτέρων

245 1573 285 1636 (το
308 1567 359 1642 γάρ
383 1571 422 1622 ἔτι
446 1573 609 1642 πορρωτέρω
632 1567 728 1618 τούτου
749 1571 793 1618 καί
817 1567 904 1620 εἰπεῖν
921 1567 1053 1638 έρυθριιῦ-

243 1657 300 1708 μεν,
328 1641 416 1708 φαμέν
442 1635 475 1702 δι)
499 1633 531 1690 τὸ
557 1637 616 1688 τιῦν
642 1633 783 1706 θεοφιλῶν
809 1633 990 1702 ἐπισκόπων),
1019 1629 1054 1688 οῦς

243 1701 350 1760 τούτων
367 1711 436 1760 τινές
453 1701 500 1756 ούκ
518 1703 691 1768 αἰσχύνονται
710 1703 737 1756 οἱ
752 1705 804 1772 μέν
821 1699 943 1756 αῦτόθεν
960 1701 1053 1772 κύβων

243 1769 382 1828 ἀπτεσθαι
409 1777 453 1834 καί
479 1771 530 1840 τήν
547 1769 632 1824 οῦτως
658 1767 795 1840 ἀσχήμονα
818 1777 863 1822 καὶ
887 1765 976 1824 αύτοῖς
999 1775 1053 1826 τοῖς

244 1841 363 1896 ἰδιώταις
385 1835 451 1912 παρ’
476 1837 570 1910 ἡμώνῖ
593 1837 661 1892 κατὰ
683 1837 714 1892 τό
731 1837 859 1894 πλεῖστον
876 1837 1053 1912 ἀπηγορευμέ·

242 1933 294 1978 νην
316 1911 405 1964 θέαν3
431 1913 562 1978 μετιέναι,
590 1907 617 1960 οἱ
640 1905 669 1962 δέ
694 1907 744 1974 τὴν
769 1905 900 1974 τοιαύτην
923 1915 1053 1990 παιγνίαν

243 1979 289 2032 οῦκ
313 1975 529 2050 αῦτουργοῦσινλ,
553 1971 614 2030 ἀλλ’
640 1971 833 2042 ήκοινωνοῦσι
849 1981 905 2030 τοῖς
922 1997 1052 2050 πραττού-

244 2067 288 2102 σιν
305 2043 321 2114 ή
338 2043 475 2112 κάθηνται
493 2047 594 2098 θεαταί
612 2041 733 2116 πράξεως
750 2041 878 2110 astacon
901 2051 947 2098 καὶ
964 2047 1052 2098 θεών-

243 2137 288 2170 ται
310 2119 360 2184 μέν
377 2113 427 2168 σῦν
449 2113 584 2182 ἐπιθυμίη
601 2113 674 2186 πάσῃ
694 2111 728 2166 τά
745 2111 861 2170 πάντων
878 2109 1052 2178 ἀτοπώτατα,

244 2181 332 2258 λόγων
350 2179 380 2236 δὲ
396 2179 519 2236 ἀκούουσι
535 2179 717 2254 βλασφήμων,
741 2177 784 2236 οῦς
806 2185 836 2236 έν
853 2185 908 2236 τοῖς
924 2179 1053 2236 τοιούτοις

243 2251 343 2326 ἀνάγκη
368 2251 507 2324 γίνεσθαι,
533 2245 680 2320 μολύνουσί
704 2269 734 2304 τε
759 2249 806 2304 τάς
834 2251 941 2304 έαυτών
966 2255 1053 2324 χεῖρας

243 2317 290 2374 τάς
315 2341 345 2374 τε
368 2315 471 2392 δράσεις
495 2313 543 2372 τάς
569 2339 599 2372 τε
625 2315 703 2372 ἀκοὰς
725 2313 797 2372 eive
821 2323 1052 2392 κατεγνωσμένοις
1074 2335 1075 2338 ’

243 2395 287 2440 καί
311 2385 550 2462 ἀπηγορευμέυοις6
575 2393 719 2460 παιγνίοις·
746 2387 774 2440 οἱ
794 2385 825 2440 δέ
846 2391 891 2440 καί
914 2383 1051 2460 ἀπαρακα-

245 2457 351 2512 λύπτως
368 2451 384 2524 ἢ
401 2461 459 2510 ταῖς
476 2459 534 2510 τιῦν
552 2457 647 2510 ἵππων
660 2451 782 2524 ἀμίλλαις
799 2453 816 2524 ἢ
833 2455 1053 2530 παραβάλλουσιν

243 2523 259 2596 ἢ
276 2533 321 2578 καί
338 2523 537 2596 προκαλοῦνταί
552 2543 627 2578 τινας
644 2519 712 2596 ὑπέρ
729 2525 775 2590 τῆς
792 2527 850 2578 τών
865 2527 960 2578 ἵππων
973 2519 1053 2590 ήττης

243 2595 259 2664 ἢ
276 2601 355 2662 νίκης,
372 2589 388 2660 ἢ
407 2589 444 2646 δι’
456 2593 569 2646 έαυτών
587 2587 603 2658 ἢ
621 2589 665 2646 διά
682 2611 768 2644 τινων
786 2591 944 2666 ε’τέριονοῦκ
962 2591 1052 2658 εῦσχη-

242 2663 332 2734 μόνως
357 2661 391 2714 τὰ
417 2663 527 2714 τοιαῦτα
553 2665 707 2728 παίζοντες,
734 2657 750 2728 ἢ
771 2663 830 2714 τιῦν
853 2665 883 2714 έν
908 2663 990 2734 σκηνῇ
1008 2665 1053 2716 καὶ

246 2729 372 2800 θυμέλαις
394 2731 494 2782 θεαταί
516 2735 639 2800 γίνονται
662 2733 806 2800 παιγνίων,
831 2725 847 2796 ἢ
865 2733 922 2782 ταῖς
940 2733 969 2782 έν
987 2725 1052 2782 θεά-

243 2809 314 2874 τροις
341 2799 398 2850 τιῦυ
425 2803 584 2866 μαχομένων
606 2797 672 2868 πρός
695 2797 729 2850 τά
752 2795 838 2918 θηρία
853 2795 949 2866 μάχαις
967 2817 1052 2872 παρα·

242 2875 364 2944 γίνονται
386 2869 429 2918 καὶ
451 2863 498 2920 οῦκ
515 2867 662 2930 ἐννοοῦσιν,
686 2863 739 2918 ώς7
762 2887 796 2918 κα
825 2871 880 2920 τοῖς
897 2867 957 2936 άρτι
974 2887 1051 2936 μυου-

243 2941 330 2992 μένοις
345 2939 396 2986 καί
421 2935 478 2986 τιῦν
500 2935 695 3006 προσκυνητώυ
716 2931 880 3004 ἀξιουμένοις
896 2939 1052 3008 μυστηρίων

243 3001 318 3060 αὐτοὶ
341 3001 569 3076 προκηρύττουσιν
593 2997 800 3056 ἀποτάττεσθαι
823 3001 857 3076 τῇ
875 3005 922 3056 τοῦ
940 2999 1050 3070 ἀντικει-

242 3079 321 3134 μένου
344 3069 469 3132 δαίμονος
491 3069 600 3144 λατρεία
621 3091 651 3124 τε
672 3075 717 3124 καί
735 3065 809 3144 πάσῃ
827 3073 931 3144 πομπῇ,
954 3071 984 3138 ης
1003 3067 1050 3124 οῦκ

234 3271 273 3346 (1)
292 3273 375 3352 κύριοι
393 3279 492 3330 Nonae.
561 3277 595 3344 (ε)
614 3289 634 3344 3,
645 3289 670 3330 43
740 3277 774 3344 (3)
792 3271 906 3328 παιδιάν
914 3277 1047 3328 Mommsen

242 3351 274 3414 (1)
293 3343 322 3400 οῦ
341 3347 519 3418 καταργοῦσιν
536 3347 636 3400 Νοωοε.
746 3343 779 3408 (5)
797 3341 921 3416 πράξεως
944 3339 1047 3396 ἀτόπου

244 3415 311 3480 Cae,
329 3411 415 3480 πάσης
431 3409 534 3468 ἀτόπου
551 3409 672 3486 πράξεως
690 3415 791 3468 Nomos.
875 3417 907 3482 (6)
926 3409 1047 3484 ἀπεγνω-

1052 349 1094 422 48

1650 371 1695 418 ΒΕ
1718 369 1913 418 EPISCOPALI

1106 545 1120 594 2
1157 535 1295 608 ἐλάχιστον
1317 545 1396 628 μέρος
1418 539 1584 594 τὰτοιαῦτα
1603 541 1763 608 καθέστηκε.
1799 535 1915 594 8Πολλά-

1105 629 1144 664 κις
1160 613 1211 676 μέν
1229 605 1317 662 αὐτοῖς
1333 629 1368 664 τα
1385 613 1499 664 τοιαῦτα
1517 607 1703 680 φυλάττεσθαι
1719 607 1914 682 προηγορεύσα-

1104 697 1166 748 μευ·
1190 675 1306 752 ἀροῦντες
1328 675 1359 730 δέ
1381 677 1480 746 συχνήν
1502 677 1553 744 τήν
1570 681 1632 748 περὶ
1649 675 1756 730 τούτων
1772 683 1915 752 γινομένην

1104 743 1167 832 ήμῖν
1185 745 1383 832 προσαγγελίαν
1399 749 1434 800 είς
1451 741 1569 818 ἀνάγκην
1583 745 1705 814 ήλθομεν
1719 749 1765 802 ἐπὶ
1781 745 1831 800 τόν
1849 765 1915 818 παρ-

1105 837 1173 870 οντα
1190 835 1274 882 νομου
1291 811 1335 866 διὰ
1358 813 1407 880 τήν
1425 811 1493 886 ῦπέρ
1516 811 1651 884 εὐσεβείας
1668 811 1818 886 ἀφικέσθαι
1835 831 1915 870 σπου-

1106 883 1154 952 δὴν
1177 889 1220 936 καὶ
1245 877 1300 952 ἅμα
1325 883 1373 934 μέν
1391 881 1458 956 ῦπέρ
1482 885 1527 950 τῆς
1545 883 1689 956 ἱερωσύνης
1707 877 1795 950 αῦτῆς,
1814 877 1869 952 ἀμα
1888 879 1916 934 δέ

1106 959 1119 1006 3
1154 949 1221 1022 ῦπέρ
1240 971 1269 1002 τε
1286 953 1333 1004 τοῦ
1353 953 1428 1024 κοινῇ
1447 953 1479 1024 τῇ
1498 949 1621 1018 πολιτείᾳ
1640 955 1828 1024 συμφέροντος.
1861 955 1916 1002 Καὶ

1104 1023 1273 1088 θεσπίζομεν
1295 1015 1398 1086 μηδένα
1421 1015 1488 1090 μήτε
1505 1015 1631 1074 διάκονον
1648 1017 1714 1088 μήτε
1732 1015 1915 1092 πρεσβύτερον

1104 1093 1148 1144 καὶ
1166 1087 1257 1154 πολλῷ
1275 1087 1377 1156 μᾶλλον
1395 1091 1545 1142 ἐπίσκοπον
1562 1083 1638 1160 (ὅπερ
1656 1091 1701 1140 καὶ
1718 1087 1835 1142 ἀπιστον
1851 1089 1916 1140 ἴσως

1104 1153 1139 1212 ἀν
1160 1153 1275 1220 δόξειεν,
1298 1153 1338 1210 τόν
1356 1159 1386 1214 έν
1409 1163 1467 1210 ταῖς
1484 1163 1659 1228 χειροτονίαις
1676 1153 1753 1222 εύχαί
1768 1177 1797 1210 τε
1814 1157 1851 1210 εἰς
1867 1153 1916 1210 τόν

1104 1221 1239 1290 δεσπότην
1271 1219 1480 1294 ἀναπέμποντας
1511 1223 1632 1300 Χριστόν
1664 1223 1713 1278 τὸν
1742 1225 1812 1278 θεὸν
1838 1219 1916 1294 ἡμῶν

1104 1299 1148 1346 καὶ
1181 1291 1316 1358 ἐπίκλησις
1346 1295 1394 1348 τοῦ
1421 1289 1497 1366 ἀγίου
1529 1297 1573 1348 καί
1601 1313 1621 1348 π
1639 1297 1785 1360 οσκυνητοῦ
1811 1299 1916 1366 γίνεται

1103 1357 1254 1432 πνεύματος
1280 1365 1325 1412 καί
1352 1365 1410 1414 ταῖς
1437 1359 1528 1414 αῦτιῦν
1554 1313 1679 1432 κεφαλαῖς
1705 1357 1722 1428 ἢ
1745 1365 1803 1414 ταῖς
1824 1367 1915 1426 χεοσὶν

1104 1431 1260 1486 ἐπιτίθεται
1277 1423 1293 1496 ἢ
1312 1427 1464 1484 έπιδίδοται
1481 1429 1515 1484 τά
1533 1429 1673 1504 ἁγιώτατα
1690 1431 1749 1484 τών
1763 1429 1831 1504 παρ’
1852 1413 1915 1498 ήμῖν

1103 1505 1269 1570 μυστηρίων,
1301 1493 1376 1552 ῦπως
1399 1495 1434 1552 ἂν
1460 1495 1549 1552 circis
1573 1497 1608 1552 τοὶ
1633 1495 1800 1582 αἰσθητήρια
1826 1497 1916 1552 πάντα

1104 1561 1215 1640 καθαρά
1241 1587 1271 1618 τε
1295 1571 1401 1638 γένοιτο
1428 1571 1472 1618 καί
1499 1567 1686 1640 καθιερωθείη
1713 1567 1785 1636 θειρ)
1812 1563 1915 1636 μηδένα

1103 1641 1195 1688 τοίνυν
1220 1631 1327 1688 τούτων
1353 1633 1456 1704 τολμᾶν
1482 1639 1529 1690 τοῦ
1556 1633 1649 1690 λοιποῦ
1671 1633 1740 1704 μετὰ
1761 1631 1842 1690 τόνδε
1866 1633 1916 1688 τόν

1104 1705 1183 1756 θεῖον
1208 1699 1285 1772 ήμεῦν
1308 1699 1394 1772 νόμον
1416 1699 1433 1770 ἢ
1454 1699 1575 1772 κυβεύειν
1598 1703 1648 1770 τὴν
1671 1705 1780 1758 οίανοῦν
1797 1705 1856 1756 τών
1873 1699 1914 1756 κύ·

1103 1777 1164 1840 βων
1189 1769 1301 1826 παιδιάν
1328 1771 1344 1840 ἢ
1369 1777 1424 1826 τοῖς
1455 1775 1536 1826 τοῦτο
1562 1769 1710 1846 πράττουσι
1736 1777 1878 1826 κοινωνεῖν
1901 1767 1916 1838 ἢ

1103 1839 1324 1914 παρακαθῆσθαι
1350 1845 1395 1892 καί
1427 1843 1580 1914 τέρπεσθαι
1612 1843 1656 1894 καί
1683 1837 1915 1894 συνδιατίθεσθαι

1103 1915 1158 1962 τοῖς
1174 1913 1323 1982 γινομένοις
1340 1903 1356 1976 ἢ
1374 1905 1560 1982 παραβάλλειν
1577 1915 1635 1962 ταῖς
1652 1905 1788 1978 δημώδεσι
1806 1907 1915 1962 ταύταις

1103 1979 1192 2040 θέαις,
1215 1971 1246 2030 iis
1263 1979 1423 2050 ἔμπροσθεν
1441 1975 1562 2032 εἰπόντες
1579 1979 1713 2048 έφθημεν,
1733 1979 1796 2030 καί9
1812 1999 1840 2030 τι
1857 1979 1915 2030 τών

1104 2043 1148 2100 ἐπ’
1175 2041 1267 2098 circis
1290 2041 1517 2118 ἀπηγορευμένων
1535 2051 1636 2110 ποιεῖν,
1661 2041 1728 2098 ἀλλὰ
1746 2043 1833 2114 πάσης
1850 2043 1915 2120 πρε

1103 2119 1119 2168 4
1154 2117 1240 2168 ταῦτα
1283 2119 1404 2166 ετουσίας
1427 2113 1458 2168 τό
1481 2113 1578 2168 λοιπόν
1601 2111 1760 2180 ἀπέχεσθαι.
1807 2113 1840 2168 Τὸ
1864 2133 1914 2188 γαρ

1103 2179 1152 2250 ήδη
1176 2203 1252 2256 προει
1269 2179 1342 2252 ηφός,
1364 2185 1387 2234 εί
1404 2187 1449 2236 καί
1467 2179 1611 2250 ἀναζητεῖν
1629 2185 1707 2254 ἐχρῆν
1724 2179 1770 2248 ήῐο
1787 2187 1832 2236 καί
1848 2183 1913 2252 μή11

1102 2255 1222 2320 μετιέναι
1246 2249 1445 2324 προσηκόντως,
1469 2245 1542 2320 ὅμως
1559 2247 1605 2304 διά
1622 2251 1837 2326 φιλανθρωπίαν
1854 2267 1914 2324 συγ-

1102 2321 1248 2404 χωροῦμεν,
1272 2317 1323 2386 τήν
1346 2323 1374 2372 ἐκ
1398 2323 1446 2372 τοῦ
1469 2317 1604 2394 παρόντος
1627 2317 1709 2390 νόμον
1727 2315 1914 2392 παρατήρησιν

1103 2405 1206 2442 arcanea
1232 2389 1266 2442 εἰς
1289 2385 1338 2440 τόν
1362 2385 1458 2442 λοιπόν
1481 2389 1651 2450 ἐπιτιθέντες
1676 2383 1781 2462 χρόνον.
1817 2389 1914 2462 προσή-

1102 2475 1151 2510 κον
1173 2451 1224 2528 γάρ
1249 2459 1324 2508 ἐστιν
1346 2453 1437 2510 αὐτοῖς
1459 2461 1594 2524 νηστείαις
1616 2477 1647 2510 τε
1669 2461 1714 2510 καί
1737 2453 1854 2530 άγνείαις
1871 2461 1915 2508 καί

1103 2529 1161 2578 ταῖς
1178 2521 1303 2578 άσκ’σεσι
1319 2525 1379 2578 τῶν
1396 2525 1487 2578 θείων
1505 2523 1603 2598 λογίων
1620 2529 1665 2578 καί
1688 2529 1746 2578 ταῖς
1762 2521 1830 2598 ῦπέρ
1847 2521 1914 2580 πάν·

1103 2611 1161 2646 των
1178 2545 1317 2660 σχολάζειν
1335 2587 1430 2658 εύχαῖς,
1447 2589 1515 2646 ἀλλά
1532 2591 1569 2662 μὴ
1591 2595 1678 2646 ταῦτα
1700 2591 1914 2662 καταλιμπάνον-

1102 2679 1150 2716 ras
1170 2665 1229 2716 τιῦν
1250 2657 1413 2716 παντάπασι
1430 2659 1556 2730 βεβήλων
1572 2683 1603 2714 τε
1626 2665 1671 2716 καί
1688 2659 1914 2736 ἀπηγορευμένων

1103 2737 1117 2784 5
1153 2725 1300 2784 ἅπτεσθαι.
1332 2725 1418 2782 Τοῦτό
1433 2727 1464 2782 δέ
1473 2733 1553 2784 τοῦτο
1562 2731 1731 2800 θεσπίζομεν
1740 2735 1785 2782 καί
1802 2733 1847 2784 ini
1856 2731 1914 2782 τών

1103 2797 1206 2854 λοιπῶν
1229 2797 1375 2872 κληρικιῦν,
1400 2795 1590 2854 ῦποδιακύνων
1613 2819 1643 2852 τε
1665 2803 1710 2852 καὶ
1727 2793 1914 2872 ἀναγνωστιῦν

1103 2887 1198 2938 φαμεν,
1226 2869 1302 2940 οίπερ
1328 2871 1373 2920 καί
1401 2863 1478 2920 αύτοί
1502 2869 1549 2934 τῆς
1568 2887 1600 2920 τε
1624 2867 1694 2938 ἱεράς
1716 2869 1849 2940 τραπέζης
1871 2871 1914 2920 καί

1101 2933 1204 2990 παντὸς
1235 2937 1283 2990 τοῦ
1314 2939 1377 3010 περὶ
1403 2935 1450 2990 τάς
1476 2931 1627 3008 ἁγιωτάτας
1653 2935 1791 3002 ἐκκλησίας
1816 2933 1914 3004 κόσμου

1101 3005 1269 3058 καθεστᾶσιν
1295 2999 1365 3058 ύπου
1382 3009 1428 3076 γοί
1451 3025 1482 3058 τε
1504 3009 1549 3058 καί
1574 3001 1706 3088 ὑπηρέται
1729 3009 1773 3056 καί
1797 3003 1830 3056 τά
1847 3005 1913 3058 θεῖα

1100 3067 1345 3144 μεταχειριζόμενοι
1363 3025 1441 3146 λόγια
1459 3071 1505 3126 τάς
1523 3071 1593 3142 ἱεράς
1609 3077 1673 3142 ημῖν
1691 3075 1719 3124 ein
1736 3073 1794 3126 τών
1806 3069 1913 3144 εῦαγιῦν

1099 3279 1204 3346 σμένοις
1222 3277 1320 3330 Νοιιιοε.
1373 3277 1407 3342 (1)
1426 3269 1468 3330 ότι
1484 3277 1584 3332 Νουιοε.
1641 3283 1672 3340 (8)
1689 3283 1736 3330 καί
1749 3281 1795 3330 ιἰιε,
1812 3279 1911 3332 Nomos.

1099 3347 1133 3412 ((1)
1151 3339 1168 3412 ἢ
1185 3349 1233 3396 καί
1248 3347 1347 3400 Nomos.
1435 3349 1481 3412 (10)
1499 3343 1515 3412 ή
1534 3367 1577 3400 om.
1599 3349 1674 3400 Gaii„
1750 3349 1792 3412 (11)
1810 3343 1847 3414 μή
1865 3349 1911 3400 cet.

1099 3415 1210 3466 Hereier

242 3657 351 3706 nostroe
376 3655 600 3724 aaprnentnrnpne
623 3669 734 3724 parare.
778 3649 849 3706 anie
872 3655 900 3708 et
925 3649 1050 3706 barbaris
1100 3655 1115 3704 2
1149 3651 1259 3706 mininie
1277 3667 1350 3724 pars
1372 3669 1406 3706 eo
1428 3651 1584 3724 speciacnia
1607 3659 1677 3708 sant.
1714 3653 1803 3726 Saepe
1820 3671 1866 3710 eos
1883 3663 1913 3708 nt

241 3721 374 3792 inperare
397 3719 474 3772 nobis
495 3719 558 3774 iicet
578 3719 755 3790 cioneinosqne
773 3719 836 3788 fieri
852 3719 961 3774 iiiorane
998 3737 1050 3774 aee
1100 3717 1167 3774 haec
1190 3719 1364 3776 observarent
1381 3719 1522 3776 adicortoti
1539 3739 1644 3776 sanias:
1667 3739 1727 3776 cane
1745 3729 1834 3778 antern
1845 3739 1911 3796 per-

242 3795 322 3844 antea
339 3805 394 3844 non
412 3787 550 3842 tenninias.
584 3805 617 3842 ao
634 3793 737 3860 poento
756 3787 908 3846 auctoritas
925 3793 953 3844 et
986 3805 1050 3842 ecas
1094 3793 1181 3860 petno
1203 3789 1314 3844 nantios
1338 3805 1371 3844 ea
1394 3787 1428 3844 oie
1449 3807 1481 3844 re
1504 3789 1542 3844 aci
1562 3807 1613 3844 nos
1636 3789 1744 3862 adferri
1766 3789 1911 3856 oideoneas,

242 3875 335 3912 eornm
360 3859 469 3922 crescet,
493 3861 597 3910 tantnnr
624 3857 705 3912 etiarn
728 3855 769 3912 rei
788 3855 916 3928 pahiicae
938 3861 1050 3910 nostroe
1100 3855 1137 3910 act
1161 3857 1347 3912 necessitatene
1373 3857 1485 3912 adcincti
1511 3875 1605 3914 saenns
1623 3865 1797 3932 praesentem
1827 3859 1911 3930 repen

241 3927 431 3982 incrementare
454 3941 624 4004 occessararn
647 3941 796 3998 speramns.
834 3943 897 3980 narn
919 3925 945 3980 si
967 3925 1049 3982 vitain
1100 3925 1214 3996 apprecii
1231 3931 1350 4006 propter
1373 3925 1492 3982 stadinrn
1510 3927 1625 4000 pietatis
1646 3931 1674 3982 et
1689 3927 1770 3982 sienni
1788 3933 1842 3982 con
1879 3943 1911 3982 ro

241 4009 350 4066 prooem
380 3991 505 4064 omniane
536 3999 591 4048 ato
612 3995 735 4050 eratione
766 4009 879 4048 ναευααι
907 3999 995 4066 opant
1023 3997 1051 4048 et

240 4063 375 4134 reiiqaarn
394 4061 531 4140 pappiana
556 4079 574 4116 a
617 4079 694 4116 εααυι
721 4077 845 4118 κοτυιαυι
871 4061 1000 4142 ιίίνίγαιιί,
1019 4067 1051 4116 at

1099 3993 1253 4048 saeercono
1279 4011 1340 4066 ipso
1368 4011 1450 4066 qnam
1471 4013 1528 4066 pro
1556 3997 1691 4050 cornarani
1721 3997 1762 4050 rei
1782 3995 1912 4068 patricae

1100 4065 1116 4116 3
1149 4061 1274 4118 utilitate,
1315 4063 1404 4134 Atqae
1427 4063 1564 4118 sanoirnas
1587 4063 1689 4118 nniiarn
1709 4063 1853 4120 diaconam
1871 4067 1912 4120 oet

241 4129 279 4186 od
306 4147 404 4210 ,eoram
437 4135 599 4200 praatotern
626 4131 780 4210 'respiciens
813 4129 943 4210 pincernis
977 4129 1050 4210 vitiis
1094 4129 1285 4252 presbpterarn
1302 4137 1329 4186 et
1346 4129 1430 4210 raalio
1443 4133 1532 4204 napis
1548 4133 1704 4212 episcopam
1721 4131 1814 4204 (qnod
1830 4133 1911 4186 etiam

242 4199 388 4264 absteneat,
405 4197 503 4270 polea
523 4205 564 4252 est
585 4215 690 4252 anemos
706 4197 769 4254 ende
785 4199 909 4254 incisores
928 4199 1050 4254 omnibns
1098 4213 1173 4254 encre
1191 4197 1254 4252 ιόείε
1277 4201 1354 4270 forte
1379 4199 1519 4266 υιιίεαίυτ,
1547 4217 1606 4254 cans
1629 4217 1659 4254 en
1683 4217 1778 4256 corano
1801 4201 1910 4254 ordina-

239 4269 352 4338 fntnros
377 4283 434 4322 esse
460 4273 487 4322 et
511 4267 588 4322 nobis
608 4267 696 4338 facite
718 4267 916 4324 convenientem
938 4267 1049 4324 benevo-

241 4335 350 4390 lentiam
384 4351 402 4388 a
434 4351 479 4388 rna
498 4351 534 4390 no
569 4335 619 4390 deo
647 4341 674 4390 et
699 4337 837 4392 salvatore
863 4341 957 4390 nostro
985 4333 1049 4390 Iesa

244 4411 255 4458 1
293 4401 398 4458 Christo
416 4351 582 4474 αμμίοιιίαω
599 4405 642 4458 iri.
678 4405 755 4460 Haeo
772 4405 858 4484 (μίαν
875 4403 1048 4460 consisteren-

242 4471 312 4528 esea
336 4471 413 4526 nobis
438 4471 591 4526 nantiatnrn
623 4479 663 4528 est
689 4479 852 4544 νενομίκατε
882 4489 939 4528 esse
970 4471 1049 4528 eteoc-

242 4541 405 4596 tissirnornne
427 4537 612 4606 diaconorum,
638 4543 704 4612 pain
727 4543 808 4596 etiam
823 4541 908 4612 presi
930 4549 1049 4596 teroraen

241 4613 321 4678 (nane
347 4609 420 4664 nitra
446 4607 516 4662 hanc
541 4609 657 4678 prodant
681 4609 723 4664 oei
749 4609 838 4664 dicere
861 4559 1048 4674 ετυῦεςώωυε,

240 4677 430 4748 reiipiosorane
461 4675 651 4750 episcopornnr
683 4677 831 4746 videlicet),
853 4695 891 4732 ece
916 4677 958 4732 isis
982 4693 1047 4750 erpo

240 4761 307 4810 esse,
330 4759 399 4816 qnos
416 4759 471 4800 non
483 4745 591 4816 padeat
601 4745 708 4816 portien
719 4763 774 4818 per
796 4763 825 4800 se
845 4753 960 4802 tesseras
978 4751 1048 4802 troc-

242 4819 300 4868 tare
326 4819 354 4868 et
379 4819 432 4868 taen
452 4813 582 4936 paciendo
605 4819 633 4868 et
654 4813 732 4868 iaicis
752 4813 820 4884 ipsis
837 4831 855 4870 ιι
872 4813 950 4870 nobis
966 4831 1048 4884 paam

240 4879 358 4936 manime
380 4881 450 4936 inter
470 4881 524 4936 icto
546 4881 611 4936 iacto
635 4881 764 4936 interesse
782 4885 891 5002 partim
917 4883 1049 4938 einsrnooii

241 4949 348 5020 iudan
375 4965 453 5004 erse
475 4965 530 5004 non
550 4951 660 5020 facere,
682 4951 731 5006 sed
751 4967 781 5004 oe
814 4953 972 5006 conoersori
989 4967 1049 5006 carn

241 5017 343 5072 ίυιίειιίί
360 5033 393 5068 ns
416 5017 459 5072 υεί
482 5017 577 5074 sedere
602 5023 768 5092 spectatores
797 5025 876 5074 actas
897 5019 982 5098 inepti
1007 5019 1050 5076 oei

239 5101 343 5140 samono
360 5099 419 5138 carn
437 5085 585 5156 cupiditate
601 5093 726 5158 spectare
742 5101 786 5140 res
804 5089 921 5140 omniurn
938 5089 1048 5160 ineptis-

240 5155 331 5218 simos,
349 5151 471 5206 convicio
488 5153 591 5218 andire,
610 5173 681 5278 φασι
698 5155 726 5208 in
743 5155 840 5210 talibas
858 5155 926 5210 oriri
942 5173 1049 5212 necesse

241 5229 289 5290 cst,
312 5227 340 5278 et
355 5237 451 5274 nanas
467 5237 540 5284 snos,
566 5239 616 5278 oon
629 5239 666 5290 os,
686 5239 767 5278 anres
784 5221 852 5278 adeo
870 5223 1005 5278 damnatis
1022 5231 1050 5280 et

235 5289 384 5364 prohibitis
407 5287 477 5342 indis
493 5287 636 5368 petinere:
658 5293 706 5346 aiii
728 5293 808 5348 etiarn
830 5293 859 5346 in
880 5291 990 5364 pabiico
1007 5293 1050 5348 υεί

240 5375 369 5430 canoram
391 5355 579 5412 certaminibus
599 5375 629 5412 se
649 5359 802 5414 immiscent
822 5361 864 5416 oei
881 5361 960 5416 etiam
979 5359 1049 5416 aiios

236 5433 391 5500 provocant
407 5439 489 5498 saper
506 5441 636 5502 epaprani
653 5427 730 5484 clade
747 5427 900 5494 victoriace,
927 5429 982 5484 siae
993 5447 1049 5502 per

240 5513 269 5550 se
293 5497 349 5550 sioe
367 5511 422 5566 per
452 5495 523 5550 otios
551 5489 705 5548 indecenter
740 5497 807 5552 tatia
841 5497 969 5560 indentes,
1007 5497 1050 5554 υεί

239 5563 423 5618 scoenicornni
449 5561 704 5636 tiepnieiicorarnqae
734 5563 860 5620 ladonam
881 5571 1049 5638 spectatores

237 5633 309 5700 fiant
329 5631 371 5686 rei
393 5629 537 5686 bestiarum
561 5629 758 5702 depapnationi
779 5633 809 5686 in
831 5631 944 5690 theatris
965 5633 1048 5688 inter-

240 5705 305 5754 snnt
326 5715 381 5752 non
399 5701 514 5764 conscii,
536 5697 612 5770 qnod
627 5713 720 5752 recens
737 5699 860 5756 initiatos
876 5707 904 5758 et
920 5719 1047 5758 conann-

240 5765 283 5820 de's
305 5767 438 5836 mysteriis
459 5767 588 5838 dipnatos
609 5767 663 5838 ipsi
683 5765 777 5820 inirent
799 5767 968 5824 adversantis
985 5769 1047 5824 doe-

240 5833 327 5890 monis
344 5835 428 5890 catini
446 5845 473 5892 et
488 5837 561 5890 οιωιί
572 5851 694 5910 pompae
710 5835 876 5902 coniunctiore,
899 5839 975 5892 cains
992 5855 1048 5890 non

1100 4267 1172 4322 tione
1184 4283 1283 4340 preces
1300 4267 1410 4322 donnino
1430 4267 1536 4324 Christo
1559 4267 1608 4324 deo
1632 4273 1728 4324 nostro
1749 4269 1910 4338 offerantur,

1098 4339 1126 4390 et
1140 4333 1277 4390 invocatio
1295 4337 1385 4390 sancti
1403 4335 1593 4408 adorandiqae
1614 4337 1728 4416 spiritns
1748 4339 1802 4408 siat
1823 4343 1851 4392 et
1867 4353 1909 4390 co-

1092 4403 1198 4476 pitibas
1223 4411 1272 4460 ant
1293 4405 1418 4460 manicas
1439 4421 1533 4460 corani
1554 4405 1725 4460 sanctissimo
1767 4423 1819 4460 nae
1836 4405 1911 4478 opaci

1098 4489 1150 4526 nos
1175 4477 1239 4528 sant
1262 4471 1393 4546 mysteria
1418 4473 1596 4554 imponantur
1622 4473 1662 4528 oei
1688 4479 1733 4528 tra
1754 4479 1848 4540 antnr,
1881 4483 1910 4528 nt

1097 4555 1193 4594 sensns
1219 4557 1310 4596 onenes
1335 4543 1369 4596 iis
1389 4555 1458 4612 pan
1471 4543 1554 4664 ίγίαιιί
1577 4547 1604 4596 et
1626 4541 1676 4596 dec
1704 4547 1911 4610 consecrentur)

1097 4607 1228 4664 nerninem
1255 4627 1320 4680 erpo
1347 4609 1445 4666 iseram
1490 4611 1596 4682 einceps
1619 4615 1689 4684 post
1710 4609 1782 4664 nanc
1803 4627 1910 4666 sacrorn

1099 4675 1183 4748 tepens
1204 4683 1326 4732 nostran
1349 4677 1449 4732 andere
1472 4679 1515 4734 oei
1536 4695 1728 4750 qnenonnqne
1750 4687 1911 4734 tesserarum

1099 4743 1190 4798 iaciaen
1214 4747 1310 4826 facere
1335 4747 1378 4802 oei
1402 4747 1437 4800 iis
1463 4747 1511 4818 qni
1534 4747 1641 4802 tesseris
1664 4747 1762 4802 iniant
1782 4747 1911 4804 interesse

1097 4813 1140 4868 oei
1161 4813 1285 4870 adsedere
1306 4819 1335 4870 et
1354 4813 1485 4870 delectari
1506 4815 1594 4886 iisqne
1616 4831 1688 4886 qnae
1709 4821 1830 4888 apnntnr
1846 4831 1910 4870 oon-

1097 4881 1197 4936 sentire
1220 4883 1261 4938 oei
1278 4883 1437 4962 oatparibns
1454 4901 1468 4936 s
1488 4883 1617 4938 ectacaiis
1634 4885 1776 4948 interesse,
1800 4885 1833 4940 eie
1850 4885 1910 4954 qai-

1098 4951 1147 5004 bns
1164 4967 1251 5022 snpra
1268 4951 1396 5018 discernas,
1420 4969 1452 5008 oe
1485 4969 1578 5008 eoram
1596 4951 1775 5074 paidhsacere
1793 4969 1864 5022 qaae
1880 4953 1910 5006 in

1097 5019 1132 5072 iis
1147 5017 1242 5086 fecere
1259 5021 1335 5074 petiti
1351 5023 1423 5086 sant,
1441 5021 1490 5074 sect
1503 5021 1652 5074 ornnicnrn
1685 5021 1710 5074 is
1724 5021 1910 5076 communione

1098 5093 1114 5140 4
1148 5085 1182 5146 de
1204 5093 1292 5144 cetero
1310 5089 1453 5144 obstinere.
1493 5087 1574 5154 Qooc
1589 5089 1659 5144 enini
1676 5089 1731 5142 iarn
1748 5089 1908 5162 praecessit,

1098 5155 1148 5210 etsi
1170 5155 1273 5226 inquiri
1294 5155 1390 5214 debeat
1411 5155 1454 5212 oei
1475 5157 1557 5212 etam
1579 5163 1644 5230 apte
1659 5155 1802 5224 vindicari,
1821 5163 1909 5212 tanen

1098 5221 1212 5294 benipne
1232 5223 1404 5296 inanipernas
1420 5225 1578 5296 proesentis
1602 5225 1671 5296 lepis
1697 5225 1908 5280 observationem

1099 5291 1220 5370 omniins
1236 5293 1266 5346 in
1281 5293 1409 5362 fatnrarn
1427 5299 1532 5366 tempas
1547 5293 1722 5366 imponentes.
1747 5293 1823 5350 decet
1838 5293 1908 5350 enirn

1097 5373 1144 5414 eos
1166 5359 1275 5416 inaniis
1295 5367 1323 5416 et
1347 5361 1448 5432 oipiiiis
1471 5367 1499 5418 et
1520 5361 1659 5416 exercitiis
1679 5377 1776 5416 sacrae
1792 5363 1908 5434 scripta-

1097 5443 1146 5480 roe
1171 5433 1198 5482 et
1214 5429 1344 5500 precinas
1361 5447 1419 5502 pro
1442 5431 1560 5486 anniam
1584 5431 1671 5486 sainte
1692 5429 1843 5500 sanciendis
1862 5447 1908 5486 oo-

1098 5511 1161 5548 cere
1182 5515 1217 5552 ne
1235 5515 1269 5552 ne
1292 5497 1335 5552 teis
1358 5497 1461 5554 relictis
1487 5497 1560 5552 omni
1580 5515 1618 5554 en
1633 5503 1719 5570 parte
1736 5499 1866 5572 profana
1882 5503 1909 5552 et

1098 5569 1112 5616 5
1142 5581 1204 5642 ⁴pro
1225 5565 1292 5620 totto
1317 5567 1459 5638 attinpere.
1510 5565 1586 5620 Idem
1610 5565 1748 5620 sancimus
1772 5567 1854 5622 etiarn
1878 5567 1908 5620 in

1097 5629 1217 5710 reliquos
1242 5633 1368 5700 ciericos,
1398 5635 1581 5690 subdiaconos
1605 5635 1709 5690 scilicet
1733 5641 1760 5690 et
1784 5635 1906 5698 tectores,

1097 5715 1143 5772 qne
1170 5707 1197 5756 et
1221 5701 1275 5774 ipsi
1299 5719 1397 5758 sacrae
1421 5719 1530 5758 mensae
1556 5707 1584 5758 et
1609 5701 1697 5758 ornnis
1716 5703 1791 5758 eirca
1814 5719 1905 5758 sacro-

1097 5773 1207 5846 sanctas
1229 5769 1358 5826 ecclesias
1379 5777 1494 5828 ornatas
1514 5771 1632 5826 ministri
1653 5777 1681 5824 et
1703 5771 1825 5842 operarii
1843 5775 1907 5824 sant

1097 5845 1123 5894 et
1140 5835 1231 5892 ιίιυίιια
1249 5841 1362 5896 crocala
1379 5845 1579 5896 contrectantes
1595 5839 1701 5912 partim
1717 5855 1813 5894 sacras
1828 5837 1907 5894 nobis
