4276 6276
251 391 291 440 ετ
312 377 459 434 apamias

249 557 293 612 μοὶ
315 543 417 608 ταύτην
437 537 580 616 ἀνίσχυρον
598 545 666 598 εἶναι
689 545 843 614 βουλόμεθα
864 545 909 594 καὶ
926 539 976 610 τήν
994 545 1052 596 τῶν

250 615 379 678 τοιούτων
404 607 480 664 δόσιν
497 607 543 664 οῦκ
565 615 601 666 εἰς
617 613 648 668 τὸ
667 635 687 668 π
704 611 822 674 όσωπον,
845 611 881 662 εἰς
898 605 964 684 irrep
983 613 1050 664 ἐκτέ-

252 693 335 756 &naas
351 677 385 734 τά
402 681 447 746 aias
464 685 621 754 συγγραφῆς,
644 679 692 734 ἀλλ
722 683 757 734 εἰς
773 677 823 746 τήν
840 673 994 750 άγιωτάτην
1012 683 1050 732 ἐκ·

250 755 359 820 ,luetur
384 749 521 820 ἔρχεσθαι.
564 749 597 806 D.
615 767 659 806 aa
677 749 702 806 lc.
729 749 795 802 Nou.
816 743 1052 818 Constantinopoli

250 827 315 880 Lam
335 815 398 870 adio
416 821 444 872 et
461 815 553 872 Oreste
569 835 607 874 oa.
627 833 663 872 cc.
683 833 768 872 conss.
932 817 969 886 [α.
987 815 1049 884 530]

282 835 333 946 tiisp
341 881 401 950 [46)
423 879 463 936 ¹‘0
482 881 558 938 αύτὸς
573 881 838 950 βασιλεῦςἿουλιανῷ
849 877 957 956 ἐπάρχῳ
973 903 1050 956 πραι-

249 961 363 1028 euplum
398 953 570 1020 Θεσπίζομεν,
588 953 668 1004 εἴτις
684 947 816 1004 τελευτῶν
833 947 930 1018 εὐσεβῆ
947 955 1051 1006 ποιοῖτο

250 1017 417 1082 διατύπωσιν
434 1017 452 1088 ἢ
461 1019 534 1090 κατά
550 1019 698 1072 ἐκστάσεως
709 1015 811 1092 τρόπον
823 1015 839 1086 ἢ
853 1019 921 1072 κατὰ
936 1017 1050 1094 ληγάτον

253 1093 264 1112 “
287 1085 354 1144 κατὰ
376 1087 595 1142 fideicommissum
617 1083 718 1154 ἢκατά
734 1089 826 1142 mortis
845 1103 927 1142 causa
947 1085 1050 1160 δωρεάν

248 1149 348 1232 ,γεκαθ’
374 1157 465 1230 ἕτερον
488 1149 660 1220 οἱανδήποτε2
677 1151 798 1224 νόμιμον,
824 1157 876 1208 εῖτε
895 1153 1050 1224 ἐπιστήσειε

248 1231 287 1296 τῷ
311 1219 380 1278 κατὰ
404 1219 498 1290 καιρόν
523 1217 660 1290 ἐπισκόπῳ
686 1219 819 1296 πρόνοιαν
842 1223 977 1278 τίθεσθαι
1002 1227 1049 1276 τοῦ

248 1291 427 1366 πληρωθῆναι
452 1289 487 1342 τά
510 1283 577 1362 παρ’
599 1287 678 1344 αύτοῦ
695 1289 903 1362 βεβουλευμένα,
930 1295 984 1346 εἴτε
1006 1297 1050 1346 καί

248 1363 363 1436 οιγήσειε
386 1361 474 1422 τοῦτο,
500 1359 552 1410 εἴτε
577 1363 621 1410 καὶ
649 1355 809 1412 τοῦναντίον
835 1355 1050 1436 ἀπαγορεύσειεν,

247 1427 364 1504 ἀνάγκην
379 1427 450 1490 ἐχειν
466 1425 527 1478 τοῦς
543 1421 718 1502 κληρονόμους
740 1427 772 1482 τό
794 1429 946 1496 ἐπιταχθέν
962 1433 1050 1484 ποιεῖν

247 1503 290 1556 καί
307 1495 426 1570 πληροῦν
443 1495 471 1546 ἐκ
488 1491 588 1568 τρόπου
606 1491 715 1550 παντός.
755 1497 778 1550 εἰ
795 1493 825 1548 δέ
847 1499 927 1550 τοῦτο
946 1495 1050 1550 ἑκόντες

247 1565 282 1638 μή
299 1559 447 1628 ποιήσαιεν,
464 1563 609 1628 τηνικαῦτα
622 1561 681 1616 τοῦς
694 1565 763 1616 κατά
779 1561 1048 1636 τόπονθεοφιλεστά-

213 1697 214 1700 ¹
247 1651 306 1690 τους
315 1625 474 1684 ἐπισκόπους
483 1625 705 1702 περιεργάζεσθαι
715 1635 802 1686 ταῦτα
815 1637 859 1684 καί
869 1629 995 1688 ἀπαιτεῖν
1005 1631 1048 1686 ai·

248 1701 306 1768 τοῦς
314 1697 404 1754 πάντα
413 1697 530 1772 πληροῦν
539 1697 607 1750 κατὰ
617 1697 668 1766 τήν
675 1697 774 1768 βουλήν
782 1703 828 1754 τοῦ
838 1699 1049 1768 τελευτήσαντος.

250 1779 260 1826 1
293 1763 366 1822 Ἀλλ’
386 1765 410 1816 εἰ
425 1769 476 1834 μέν
488 1763 629 1832 οἰκοδομὴν
641 1767 778 1834 ἐκκλησίας
791 1765 942 1832 ἐπιτάξειεν
960 1765 974 1822 ό
993 1769 1048 1822 δια-

247 1841 371 1908 θέμενος,
395 1835 459 1886 ε’ίσω
477 1839 591 1904 τριετίας
608 1831 717 1890 πάντως
734 1835 948 1910 παρασκευάζειν
966 1835 1048 1902 αῦτήν

247 1901 423 1976 πληροῦσθαι,
441 1899 511 1954 εἰδὲ
528 1901 641 1964 ξενῶνος
659 1909 774 1970 ποίησιν,
797 1907 862 1958 ε’ίσω
887 1905 945 1958 ἐνὸς
962 1907 1047 1958 ircav-

246 1973 291 2030 τοῦ
317 1965 420 2040 μόνον3
446 1971 526 2024 τοῦτο
550 1975 636 2024 ποιεῖν
661 1967 875 2042 ἀναγκάζεσθαι,
898 1969 933 2026 ῶς
956 1973 1047 2026 ἱκανοῦ

246 2043 291 2096 τοῦ
314 2037 410 2110 χρόνον
432 2033 528 2090 τούτου
551 2039 726 2092 καθεστῶτος
746 2039 888 2112 πληρῶσαι
905 2039 939 2094 τὰ
956 2045 1047 2110 βεβου-

246 2107 375 2178 λενμένα4
399 2109 453 2158 τοῖς
479 2105 601 2162 τετελευτ
617 2107 688 2160 udae·
716 2103 833 2162 δυνατὸν
855 2103 887 2162 ὃν
911 2113 955 2162 καὶ
974 2109 1047 2162 οἶκον

245 2171 444 2248 μισθώσασθαι
461 2177 506 2228 καῖ
526 2171 586 2228 τοῦς
597 2171 750 2250 ἀρρώστους
764 2175 958 2258 ἐγκατακλῖναι,
976 2175 1048 2248 άχρις

245 2235 274 2300 οῦ
308 2243 342 2296 τοὶ
376 2243 422 2308 τῆς
455 2239 605 2312 οἰκοδομίας
637 2245 684 2296 τοῦ
720 2243 836 2306 ξενωνος
869 2247 1047 2318 περαιωθείη.

247 2321 278 2370 Ia
312 2311 346 2364 Εἰ
364 2307 395 2364 δέ
409 2329 472 2364 τινα
489 2309 583 2364 δοῦναι
600 2309 666 2384 πρὸς
682 2305 756 2374 άπαξ
777 2315 812 2366 εἰς
830 2309 945 2382 εὐσεβεῖς
962 2315 1048 2366 αἰτίας

245 2379 455 2456 προσταχθεῖεν,
495 2381 657 2452 παραχρήμα
689 2381 919 2454 καταναγκάζειν5
953 2379 1048 2434 αύτοῦς

245 2451 321 2504 τοῦτο
339 2449 439 2510 ποιεῖν,
464 2453 585 2500 τουτέστι
605 2449 673 2516 μετὰ
688 2445 738 2514 τήν
755 2449 801 2516 τῆς
818 2445 949 2516 διαθήκης
967 2445 1047 2520 ἐμφά-

245 2537 316 2572 νιοιν
346 2517 390 2566 καὶ
415 2513 446 2568 τό
472 2511 675 2578 καταδέξασθαι
700 2513 750 2568 τόν
775 2515 871 2590 κλῆρον
896 2513 912 2584 ii
936 2515 967 2570 τό
986 2537 1047 2588 πρε·

247 2589 274 2642 lh
309 2585 401 2652 σβεῖον
417 2585 478 2636 τοὺς
500 2579 604 2636 τούτοις
624 2591 819 2652 τετιμημένους.
853 2585 888 2636 Εἰ
905 2583 935 2638 δέ
952 2583 1047 2660 παρέλ

246 2657 292 2708 θοι
309 2647 323 2706 ό
341 2651 475 2722 εἰρημένος
488 2645 581 2724 χρόνος
595 2657 640 2704 καῖ
647 2649 718 2720 μήτε
731 2647 747 2718 ἡ
762 2651 886 2720 ἐκκλησία
900 2649 917 2720 ἢ
931 2651 945 2706 ὁ
961 2651 1047 2716 ξενῶν

245 2717 432 2790 οῖκοδομηθείη
448 2717 515 2788 μήτε
528 2717 696 2786 ξενοδοχυίη6
710 2715 723 2772 ὁ
737 2723 819 2774 τοῦτο
834 2723 1046 2794 ἐπιτεταγμένος,

242 2789 389 2856 τηνικαῦτα
418 2785 514 2842 αύτούς
544 2787 605 2840 τοῦς
635 2785 861 2858 θεοφιλεστάτους
886 2787 1047 2844 ἐπισκόπους

242 2853 366 2912 ἀπαιτεῖν
379 2851 414 2906 τά
431 2849 499 2928 ῦπέρ
512 2851 607 2908 τούτου
620 2853 846 2926 καταλελειμμένα
860 2861 905 2908 καὶ
918 2859 954 2910 εἰς
966 2857 1046 2912 τοῦτο

242 2919 430 2996 προσηκόντως
455 2919 660 3008 ἐπιζητούμενα,
692 2929 737 2978 καὶ
761 2923 905 2978 ποιεῖσθαι
930 2929 975 2978 καί
1000 2923 1047 2978 τάς

242 2989 391 3062 οἰκοδομίας
415 2993 474 3044 τῶν
498 2987 660 3066 αγιωτάτων
683 2989 829 3062 ἐκκλησιῶν
851 2997 895 3044 καί
921 2991 971 3060 τήν
987 2993 1046 3046 τῶν

244 3059 369 3122 ξενώνων
390 3053 408 3126 ἢ
428 3053 687 3134 γεροντοκομειωνή
709 3053 949 3132 όρφανοτροφείων
965 3077 1044 3114 κατα-

243 3265 273 3332 (t)
291 3285 311 3318 ο.
329 3275 356 3316 45
374 3235 440 3318 estat
455 3265 481 3316 ia
500 3263 668 3316 Coit-Nomas.
721 3263 754 3328 (2)
768 3257 870 3332 τρόπον
888 3265 933 3314 ins.
944 3263 1042 3316 Nomos.

243 3333 274 3398 (3)
291 3325 378 3400 μόνον
395 3351 439 3384 om.
455 3331 555 3386 Nomos.
658 3331 690 3396 (t)
708 3327 742 3380 τά
758 3327 956 3398 βεβουλευμένα
974 3329 1043 3394 coll,

241 3399 272 3452 τέ
284 3395 354 3452 κατά
362 3393 490 3468 βούλησιν
499 3399 599 3452 Nomos.
651 3401 684 3464 (5)
701 3393 956 3470 καταναγκάζεσθαι
965 3401 1044 3464 requi-

1056 355 1095 428 31

1847 361 1902 426 1'3

1101 543 1196 614 σκευήν
1214 539 1230 610 ή
1247 557 1473 620 πτωχοτροςοείων
1490 545 1506 618 ἢ
1523 551 1703 616 νοσοκομείων
1718 551 1827 614 ποίησιν
1844 541 1902 614 ἢτοι

1101 617 1159 668 τῶν
1190 611 1371 680 αἰχμαλώτων
1399 615 1546 692 άγορασίαν
1571 615 1587 686 ἢ
1619 617 1712 686 ἐτίραί
1742 609 1903 680 θλανέἦπθτε

1101 701 1122 736 π
1139 683 1199 746 άξιν
1222 677 1318 750 εῦσεβή
1341 683 1381 748 τῶ
1405 683 1592 752 τελευτήσαντι
1610 681 1735 748 δόξασαν,
1758 677 1902 758 προβάλλε-

1102 703 1171 804 σθαι
1189 747 1236 802 δέ7
1253 747 1314 800 τοῦς
1331 751 1418 802 ταῦτα
1431 749 1612 820 διοικήσοντας
1626 747 1777 818 §anadiplosis
1791 745 1806 818 ι)
1820 747 1852 824 όρ
1875 771 1902 802 α·

1100 815 1245 892 νοτρόγους
1267 811 1283 882 ἢ
1305 815 1503 890 βρεμοτρόςοους
1526 815 1762 896 ἢγεροντοκόμους
1778 815 1795 884 ή
1811 773 1903 872 ἁπλῶς

1100 891 1158 940 τῶν
1180 881 1301 954 εὐσεβῶν
1323 881 1448 956 πράξεων
1470 887 1603 956 διοικητάς
1625 911 1656 946 τε
1676 893 1720 944 καὶ
1738 881 1902 974 ἐπμιελητάς,

1100 951 1187 1008 οῦκέτι
1205 953 1363 1022 δυναμένων
1379 953 1446 1022 μετὰ
1463 955 1512 1022 τήν
1529 961 1575 1012 τοῦ
1590 961 1727 1034 εἰρημένου
1737 975 1832 1028 χρονου
1847 953 1902 1008 δια-

1101 1019 1202 1108 δρομὴν
1226 1027 1270 1074 καί
1296 1021 1346 1088 τήν
1370 1023 1508 1092 εἰρημένην
1529 1021 1722 1110 ἀγνωμοσύνην
1744 1029 1801 1080 τῶν
1823 1025 1902 1076 τοῦτο

1099 1113 1137 1158 μη
1160 1085 1334 1158 ποιησάντων
1357 1089 1497 1158 ἐμβάλλειν
1514 1091 1622 1148 έσυτους
1643 1097 1679 1148 εἰς
1695 1093 1745 1162 τήν
1760 1093 1818 1148 τῶν
1835 1091 1902 1166 εἰρη-

1100 1163 1191 1226 μένων
1214 1153 1382 1244 πραγμάτων
1404 1155 1534 1226 διοίκησιν
1556 1155 1572 1224 ἢ
1594 1159 1654 1216 τοῦς
1680 1159 1902 1234 θεοφιλεστάτους

1100 1231 1115 1280 2
1151 1229 1311 1280 ἐπισκοπους
1331 1223 1448 1296 ἀφιστῶν
1469 1227 1515 1292 uias
1537 1225 1628 1280 αὐτῶν
1646 1229 1803 1316 διοικήσεως.
1843 1229 1902 1282 Τῶν

1101 1289 1299 1368 λαμπροτάτων
1322 1289 1461 1364 ἀρχόντων
1484 1295 1542 1346 τῶν
1559 1297 1695 1364 ἐπαρχιῶν
1712 1295 1829 1372 ανάγκην
1846 1301 1902 1352 ἐπι·

1100 1363 1240 1416 τιθέντων
1265 1367 1318 1416 τοῖς
1341 1359 1512 1436 κληρονόμοις
1535 1365 1565 1414 ἐκ
1581 1361 1682 1436 τρόπου
1699 1367 1800 1420 παντὸς
1816 1367 1903 1418 ταῦτα

1100 1435 1134 1484 ia
1168 1427 1294 1504 πληροῦν.
1329 1433 1384 1482 Καὶ
1409 1427 1458 1502 γάρ
1484 1427 1516 1498 δή
1538 1433 1582 1482 καὶ
1605 1435 1660 1484 τοῖς
1676 1431 1799 1486 παλαιοῖς
1814 1431 1901 1506 διηγό·

1099 1517 1190 1570 ρευται
1212 1495 1303 1568 νόμοις
1324 1493 1442 1568 ἀνάγκην
1464 1497 1628 1562 ἐπιτιθέναι
1640 1497 1758 1570 πληροῦν
1775 1499 1821 1554 τὰς
1844 1503 1901 1556 τῶν

1099 1561 1290 1620 τελευτώντων
1298 1563 1393 1634 βουλὰς
1406 1565 1466 1618 τοῦς
1481 1567 1550 1632 ἐχειν
1559 1569 1716 1636 ἐφιεμένους,
1729 1561 1798 1640 άπερ
1808 1571 1902 1622 ἐκεῖνοι

1100 1639 1114 1688 3
1149 1631 1301 1688 κατέλιπον.
1346 1631 1409 1688 luis
1437 1631 1467 1686 ii
1489 1631 1713 1704 θεοφιλεστάτους
1736 1637 1901 1702 ἐπισκόπους,

1100 1701 1122 1752 εἰ
1145 1705 1195 1766 μέν
1217 1719 1293 1754 τινας
1318 1703 1404 1772 ῥητῶς
1426 1701 1453 1754 οῖ
1468 1699 1642 1756 τελευτῶντες
1659 1697 1831 1770 ἐπιστήσαιεν
1848 1709 1903 1758 τοῖς

1098 1765 1268 1842 πράγμασιν,
1290 1769 1347 1822 οῖον
1370 1765 1522 1836 ξενοδόχους
1538 1765 1555 1836 ἢ
1571 1767 1776 1844 πτωχοτρόφους
1793 1767 1810 1838 ii
1826 1789 1900 1824 νοσο·

1098 1833 1192 1906 νόμους
1214 1831 1230 1904 ἢ
1247 1835 1446 1910 βρεφοτρόηεους
1468 1835 1701 1926 ήόργανοτόφους
1717 1835 1734 1906 ἢ
1749 1839 1901 1922 γεροντοκό-

1097 1901 1185 1974 μουςή
1195 1911 1410 1980 παραμοναρίους
1427 1901 1443 1972 ή
1457 1907 1608 1976 οῖκονομονς
1623 1901 1640 1972 ἢ
1652 1901 1743 1958 ἁπλῶς
1760 1925 1818 1968 τυιν
1832 1903 1901 1958 εύσε-

1097 1975 1158 2042 βῶν
1175 1967 1301 2046 πράξεων
1319 1971 1370 2026 διοι
1403 1971 1456 2040 τάς,
1474 1977 1587 2028 ἐκείνους
1603 1979 1652 2042 μέν
1670 1975 1716 2026 ἐάν
1727 1975 1840 2042 ἐχεσθαι
1856 1975 1902 2040 ripa

1099 2037 1260 2106 διοικήσεως,
1278 2039 1373 2094 αῦτυῦς
1406 2045 1419 2094 ἐ
1435 2039 1471 2112 μή
1489 2039 1599 2098 διοικεῖν
1613 2047 1672 2112 μέν,
1692 2039 1742 2108 τήν
1760 2039 1789 2096 δέ
1806 2039 1900 2108 διοίκη-

1098 2129 1143 2162 σιν
1167 2105 1260 2162 αὐτῶν
1271 2105 1440 2162 ’ἐποπτεύειν
1457 2115 1500 2162 καί
1523 2105 1614 2182 όρθῶς
1629 2111 1680 2180 μὲν
1697 2111 1809 2174 thorema
1826 2113 1899 2164 ἐπαι-

1097 2181 1169 2240 νεῖν,
1193 2177 1261 2230 κατά
1277 2197 1305 2230 τι
1322 2175 1352 2230 δέ
1375 2183 1614 2252 παραβαινομένην
1631 2179 1811 2248 ἐπανορθοῦν,
1829 2183 1899 2230 κακί-

1098 2261 1161 2310 στης
1193 2243 1222 2296 δέ
1254 2245 1299 2312 τῆς
1325 2243 1478 2314 διοικήσεως
1526 2251 1647 2316 ινομένης
1671 2249 1715 2298 καί
1740 2241 1901 2300 ἀπελαύνειν

1098 2315 1212 2366 ἐκείνους
1237 2317 1280 2366 καὶ
1307 2313 1409 2386 ἑτέρους
1434 2317 1497 2386 ἐγκα
1523 2315 1601 2366 ιστᾶν
1623 2315 1782 2368 ἐννοοῦντας
1804 2311 1899 2366 τὸτοῦ

1097 2377 1210 2454 μεγάλου
1228 2381 1295 2434 θεοῦ
1313 2379 1377 2444 δέος,
1399 2387 1443 2434 καλ
1459 2381 1509 2448 τήν
1527 2381 1644 2452 φοβεράν
1661 2383 1707 2448 τῆς
1722 2377 1834 2456 μεγάλης
1856 2387 1901 2434 καὶ

1097 2443 1269 2516 ἀτελευτήτου
1286 2455 1396 2520 κρίσεως
1412 2447 1521 2522 ἡμέραν,
1539 2449 1605 2524 πρὸς
1621 2447 1654 2516 ἣν
1673 2443 1767 2504 αύτούς
1788 2447 1899 2518 herodii·

1097 2533 1199 2570 ποντας
1215 2513 1342 2588 προσήκει
1359 2513 1449 2572 πάντα
1467 2515 1596 2588 πράττειν
1603 2515 1677 2588 μετά
1687 2515 1734 2584 τῆς
1749 2515 1815 2590 πρός
1832 2515 1901 2570 θεὸν

1098 2591 1131 2640 3ο
1166 2587 1377 2654 συντεταμένης8
1401 2581 1516 2660 γνώμης.
1560 2587 1594 2638 Εἰ
1617 2583 1647 2638 δέ
1668 2585 1704 2654 μή
1724 2585 1810 2660 ῥητῶς
1826 2603 1900 2640 τινας

1097 2651 1124 2704 oi
1145 2651 1320 2708 τελευτῶντες
1337 2649 1510 2722 ἐπιστήσαιεν
1526 2659 1584 2708 ταῖς
1601 2649 1770 2720 διοικήσεσιν,
1791 2649 1851 2706 ἀλλ’
1871 2657 1901 2708 ἐν

1097 2723 1130 2792 τῇ
1156 2721 1215 2774 τῶν
1239 2719 1412 2796 κληρονόμων
1438 2723 1544 2788 ἐξουσία
1561 2719 1591 2774 τό
1617 2723 1673 2778 πάν
1689 2717 1850 2786 ἀπόθοιντο,
1875 2723 1901 2774 οἰ

1097 2785 1126 2842 δέ
1149 2783 1344 2860 ῥᾳθυμήσαιεν,
1367 2791 1515 2856 τηνικαῦτα
1532 2785 1626 2844 αύτούς
1647 2787 1709 2842 τοῦς
1726 2785 1898 2860 θεοφιλεστά-

1096 2873 1156 2910 τους
1174 2853 1333 2912 ἐπισκόπους
1350 2861 1394 2908 καῖ
1418 2855 1527 2910 διοικεῖν
1544 2861 1587 2910 καῖ
1605 2853 1810 2930 προβάλλεσθαι
1826 2875 1898 2912 πτω-

1094 2919 1241 3008 χοτρόρους
1265 2919 1456 2994 ήνοσοκόμους
1481 2921 1497 2992 ἢ
1523 2923 1675 2992 ξενοδόχους
1697 2919 1713 2990 ἢ
1736 2921 1899 2998 όρφανοτρό-

1096 3009 1161 3062 nous
1177 3011 1194 3058 η
1210 2987 1409 3076 βρεφοτρόμους
1425 2989 1442 3060 ἢ
1457 2989 1662 3076 γεροντοκόμους
1683 2987 1700 3060 ἢ
1717 2987 1868 3058 οἰκονόμους
1884 2991 1901 3062 ἢ

1095 3067 1311 3134 παραμοναρίους
1336 3081 1352 3126 η
1378 3057 1521 3128 διοικητος,
1547 3057 1691 3116 κάνταῦθα
1714 3059 1746 3116 τὸ
1767 3059 1899 3136 πρὸστὸν

1094 3265 1155 3316 ritar
1207 3265 1241 3332 (6)
1258 3265 1294 3316 sic
1314 3265 1382 3328 (toll,
1400 3257 1535 3328 ξενοδόχος
1551 3251 1568 3336 ᾔ
1586 3265 1683 3318 Nomos.
1740 3267 1774 3332 (l)
1791 3267 1836 3318 καί
1853 3269 1897 3320 ius.

1094 3333 1194 3384 Nomos.
1264 3333 1298 3398 [8)
1316 3333 1351 3384 sic
1369 3331 1476 3414 Nomen,
1494 3335 1705 3404 συντεταγμένης
1722 3333 1781 3386 coll.

245 3537 1897 3564 Ἥ

240 3651 384 3706 personam
405 3653 476 3706 quae
497 3635 634 3706 scriptura
652 3633 812 3700 continetur,
834 3633 883 3690 sed
900 3633 938 3688 ad
953 3649 1045 3690 socro-

200 3735 201 3738 =
240 3709 361 3758 sanctam
377 3703 516 3758 ecclesiam
551 3701 676 3758 mamare.

274 3769 313 3828 45
332 3769 408 3824 Idem
430 3773 461 3826 A.
485 3769 594 3824 lucano
611 3789 662 3842 pp.
698 3767 849 3834 Sensimus,
870 3769 973 3840 aquis
989 3785 1045 3824 ma-

1097 3649 1209 3712 cumque
1235 3633 1314 3706 pium
1348 3639 1437 3690 actum
1466 3633 1513 3714 qai
1538 3633 1666 3716 defuncto
1687 3635 1839 3706 placuerit,
1865 3653 1898 3692 ac

1090 3701 1899 3848 lttdthtlttlllitlllttltl„titillant

241 3841 312 3896 meus
334 3839 413 3910 piam
443 3839 472 3894 di
506 3839 645 3892 ositioaem
673 3837 764 3908 faciat
798 3837 841 3892 uel
868 3837 1045 3892 institutionis
1094 3787 1268 3908 aeidenique
1279 3853 1392 3910 proram
1409 3853 1552 3892 causarum
1567 3837 1800 3894 administratores
1819 3853 1896 3894 cura-

241 3905 318 3962 modo
344 3905 459 3986 oelper
494 3911 602 3980 epotum
626 3905 669 3962 od
678 3921 733 3976 per
754 3905 987 3974 fideicommissum
1004 3905 1047 3960 oel
1097 3911 1230 3974 toresque,
1247 3911 1278 3960 ut
1294 3921 1332 3962 en
1346 3921 1433 3984 supra
1449 3905 1515 3960 dicti
1532 3905 1660 4046 temporis
1676 3905 1755 3976 lapsu
1766 3923 1896 3962 memora-

238 3991 289 4046 per
319 3979 415 4028 mortis
446 3989 529 4030 causa
554 3971 727 4028 donationem
757 3971 800 4028 ael
818 3989 875 4044 per
903 3971 1046 4044 quemlihet

242 4043 322 4098 alium
339 4041 486 4114 lepidmum
502 4041 619 4108 modam,
635 4041 692 4096 siae
703 4055 760 4112 pro
779 4045 899 4112 tempore
915 4041 1043 4120 episcopo

241 4125 332 4166 curam
347 4109 507 4176 iniunaerit,
525 4127 578 4180 qao
596 4125 628 4164 ea
649 4125 718 4180 quae
734 4107 899 4188 disposuerit
914 4107 1043 4180 implean-

242 4183 293 4244 tur,
309 4179 365 4234 sine
381 4175 414 4232 de
430 4179 482 4234 hoc
500 4177 621 4244 tacuerit,
643 4177 698 4232 siae
714 4193 729 4230 e
746 4181 885 4232 contrario
902 4191 963 4232 eum
973 4193 1043 4248 pro-

241 4243 369 4312 hibuerit,
392 4263 497 4302 necesse
514 4263 571 4300 esse
594 4245 735 4300 heredibus
763 4245 859 4314 facere
881 4249 909 4298 et
932 4243 1044 4316 implere

242 4313 391 4370 omnimodo
410 4331 480 4386 quae
497 4313 624 4368 ordinata
640 4317 717 4368 sunt:
739 4311 814 4382 quod
832 4311 857 4364 si
873 4317 971 4382 sponte
987 4329 1042 4364 non

239 4379 360 4448 faciunt,
386 4385 440 4436 tum
459 4379 657 4452 relipiosissimi
679 4379 800 4434 locorum
821 4379 942 4452 episcopi
959 4379 991 4434 de
1007 4379 1042 4432 iis

241 4449 387 4520 anquirunt
402 4455 483 4520 atoue
496 4465 543 4502 eos
557 4449 724 4512 conueniant,
741 4453 774 4502 ut
790 4445 880 4502 omnia
896 4445 1041 4502 secundum

243 4519 254 4568 l
288 4517 412 4586 defuncti
438 4517 603 4572 uoluntatem
625 4515 795 4586 impleantur.
830 4515 870 4568 Ac
884 4515 915 4570 ,si
935 4513 1041 4588 quidem

240 4583 376 4638 ecclesiam
393 4583 533 4654 aedificari
546 4583 691 4654 defunctus
701 4583 788 4648 iussit,
805 4583 883 4652 infra
899 4583 1041 4638 triennium

198 4705 200 4710 ,
241 4651 346 4706 omuino
365 4667 423 4706 eam
440 4649 618 4708 annuendam
632 4653 733 4716 curent,
750 4651 945 4716 unaenonem,
963 4649 1041 4720 infra

239 4733 319 4772 unum
336 4735 435 4774 annum
452 4735 513 4774 eam
527 4719 622 4790 ficere
639 4723 782 4790 coquatur,
799 4733 858 4772 cum
871 4717 923 4774 hoc
937 4723 1040 4796 tempus

239 4783 275 4838 ad
305 4787 494 4856 defunctorum
524 4787 687 4842 uoluntatem
715 4785 878 4858 implendam
902 4787 1040 4856 sufficiat:

234 4859 352 4920 possunt
368 4855 437 4922 enim
454 4861 482 4910 et
497 4853 605 4910 domam
622 4853 738 4910 conduci
753 4853 843 4922 ibique
866 4853 975 4928 nepoti
996 4851 1039 4906 de-

235 4919 304 4986 poni
352 4927 459 4990 assant,
488 4921 551 4976 dum
573 4923 691 4978 menonis
712 4921 848 4976 exauctio
866 4921 1040 4998 perdolatum

242 4987 272 5040 la
326 5005 336 5042 ι
360 4991 427 5060 quid
448 5007 511 5046 vero
535 4991 615 5044 semel
637 4989 704 5044 dore
725 4989 754 5042 in
770 4989 838 5062 pias
859 5005 955 5044 causas
973 4989 1038 5042 iussn

238 5061 307 5122 aaut,
332 5057 423 5112 statim
446 5057 477 5112 id
497 5057 593 5128 facere
617 5073 648 5112 oo
669 5061 765 5122 antur,
788 5057 819 5110 id
837 5061 879 5112 est
891 5065 1038 5128 postquam

239 5125 420 5180 testamentum
443 5129 566 5198 apertum
589 5129 630 5180 esi
650 5075 875 5194 hereditatemque
899 5125 942 5180 rel
966 5123 1038 5194 lepa-

240 5189 268 5244 n
296 5197 351 5246 tum
366 5191 387 5246 ii
396 5191 493 5262 quihus
506 5209 539 5248 aa
552 5193 648 5248 relicta
659 5197 724 5246 sant
737 5193 930 5264 adquisierunt.
960 5189 1040 5258 Quod

182 5299 183 5302 ,
237 5255 261 5308 si
281 5265 456 5314 memoratam
481 5267 584 5332 tempus
598 5261 746 5332 praeteriit
767 5277 852 5330 neque
869 5261 981 5314 ecclesia
998 5257 1041 5312 rel

237 5337 328 5380 aenon
345 5325 514 5396 aedificatum
531 5333 674 5398 estusque
689 5327 844 5384 xenodochi
862 5327 957 5396 officio
972 5327 1038 5396 fun-

236 5391 323 5460 pitur,
349 5393 393 5448 cui
409 5393 461 5448 hoc
485 5395 653 5450 commissam
677 5401 730 5468 est,
758 5403 813 5450 tarn
839 5395 961 5468 episcopi
985 5393 1038 5466 ipsi

237 5459 358 5530 emanat,
383 5477 453 5532 quoe
476 5459 505 5514 in
530 5477 588 5516 eam
611 5479 669 5516 rem
693 5463 790 5518 relicta
814 5469 879 5518 sunt
902 5469 930 5518 et
952 5461 989 5516 ad
1010 5459 1040 5516 id

236 5535 414 5600 competenter
426 5531 599 5600 expetuntur,
616 5537 645 5584 et
653 5537 808 5602 procurent
825 5531 1038 5600 aedificationem

236 5601 469 5652 sacrosanctarum
490 5593 661 5650 ecclesiarum
684 5603 712 5654 et
728 5615 864 5654 xenonum
884 5599 924 5654 ael
940 5613 1037 5670 μετοκ-

237 5663 412 5718 tocomiorum
443 5663 486 5720 oel
516 5663 812 5736 orphanotrophiorum
830 5667 1037 5728 institutionem

236 5729 276 5780 ael
291 5729 566 5812 ptochotrophiorum
589 5729 631 5784 uel
655 5735 870 5788 nosocomiorum
888 5731 1036 5790 euroeae-

236 5805 294 5850 που
311 5797 353 5852 nel
369 5807 537 5872 captivarunt
558 5795 767 5870 redemptionem
789 5801 831 5856 oei
848 5801 930 5856 alium
947 5813 1036 5872 quaem·

1096 3977 1176 4042 taque
1199 3979 1369 4028 contumaao
1391 3973 1439 4046 qai
1460 3973 1490 4028 id
1505 3989 1562 4028 nou
1594 3973 1695 4028 coemat
1709 3989 1764 4028 non
1781 3973 1897 4046 amplius

1093 4055 1123 4094 se
1145 4047 1308 4094 memoratae
1329 4057 1420 4094 rerum
1442 4039 1672 4096 administrationi
1692 4039 1840 4094 immiscere
1855 4043 1898 4098 ael

1093 4105 1311 4178 rolipiosissimos
1333 4109 1476 4182 episcopos
1497 4107 1531 4162 alr
1555 4125 1647 4164 aarum
1664 4107 1896 4166 administratione

1094 4179 1108 4226 2
1143 4175 1288 4230 excludere
1298 4175 1428 4256 possint„
1447 4175 1505 4232 Viri
1522 4181 1610 4230 autem
1628 4175 1770 4232 clarissimi
1781 4177 1896 4256 prouin-

1093 4241 1197 4296 ciarum
1217 4241 1362 4314 praesides
1386 4243 1569 4298 necessitotem
1595 4243 1735 4298 heredibus
1752 4245 1897 4316 imunpaat

1093 4313 1127 4364 ia
1162 4309 1314 4364 omnimodo
1337 4307 1404 4364 haec
1425 4309 1560 4384 implendi.
1602 4311 1674 4366 Saue
1695 4311 1836 4366 animiam
1853 4329 1895 4368 oe-

1093 4377 1194 4432 terilns
1217 4375 1320 4448 lapibus
1343 4377 1481 4448 definitum
1503 4383 1545 4434 est
1562 4379 1701 4450 ‘canendos
1724 4397 1781 4436 esse
1797 4379 1836 4434 od
1850 4379 1894 4436 de-

1089 4445 1249 4514 functorum
1271 4445 1434 4502 uoluntatem
1450 4445 1613 4520 implendam
1629 4463 1688 4514 eos,
1712 4447 1808 4520 quihus
1825 4463 1895 4520 quae

1092 4517 1106 4566 3
1140 4511 1183 4566 illi
1196 4513 1365 4592 reliquerunt
1382 4519 1469 4570 tenere
1483 4517 1645 4586 permissum
1668 4519 1714 4568 est.
1756 4515 1895 4570 Veramsi

1091 4595 1160 4652 qrcos
1176 4581 1329 4652 specialiter
1345 4581 1469 4652 defuncti
1484 4583 1565 4638 rohas
1575 4587 1805 4656 praeposuerunt,
1824 4583 1896 4640 velut

1090 4647 1267 4704 xenodochos
1274 4647 1494 4772 ηίοολοίνομίιοε
1504 4667 1665 4706 nosocomos
1677 4649 1896 4724 brephotrophos

1091 4715 1278 4790 orphanotrop
1300 4733 1330 4772 os
1355 4723 1560 4790 pereatocamos
1579 4719 1794 4790 paramonarios
1817 4735 1893 4772 oeco-

1090 4799 1185 4838 nomos
1209 4785 1252 4840 κεί
1276 4785 1391 4856 denique
1409 4787 1522 4858 piarum
1538 4801 1692 4842 ¹causarum
1722 4785 1894 4840 administra·

1091 4859 1176 4916 tores,
1201 4853 1266 4908 illos
1291 4853 1549 4910 administrationem
1574 4853 1673 4908 hahere
1691 4853 1786 4908 sinant
1808 4869 1894 4924 neque

1089 4919 1143 4992 ipsi
1166 4919 1368 4986 administrent,
1389 4921 1440 4976 sed
1460 4937 1554 4976 earam
1577 4919 1836 4994 administrationem
1853 4919 1893 4974 in-

1089 4987 1209 5058 spiciant
1232 4995 1267 5054 et,
1292 4991 1316 5044 si
1338 4995 1410 5044 recte
1432 5005 1461 5044 se
1478 4989 1572 5054 hahet,
1595 4987 1761 5054 collaudent,
1787 4987 1894 5066 siquid

1084 5057 1326 5132 praetermittitur,
1350 5057 1502 5122 emendent,
1523 5057 1548 5110 si
1568 5073 1630 5114 aero
1643 5057 1761 5126 pessime
1778 5059 1891 5126 peritur,

1088 5123 1152 5202 illos
1176 5125 1318 5196 capellani
1341 5123 1462 5194 aliosque
1487 5125 1638 5190 instituant,
1666 5123 1712 5244 ηαί
1734 5121 1832 5200 nopai·
1850 5119 1893 5174 dei

1091 5195 1211 5246 amorem
1236 5193 1265 5246 in
1290 5197 1377 5246 mente
1398 5191 1516 5248 habeant
1537 5199 1564 5248 et
1580 5191 1671 5246 carta
1682 5207 1723 5246 em
1739 5205 1830 5260 mapm
1848 5203 1891 5240 ae-

1090 5259 1212 5336 ternique
1219 5259 1312 5314 iudicii
1321 5259 1398 5324 diem,
1414 5261 1491 5314 cuius
1499 5265 1621 5332 respectu
1631 5257 1722 5314 omnia
1731 5273 1777 5312 eos
1788 5257 1890 5310 intento

1090 5329 1124 5378 3o
1157 5343 1186 5380 cn
1208 5327 1286 5382 deum
1309 5325 1398 5382 animo
1406 5327 1509 5448 facere
1526 5333 1639 5398 oportet.
1676 5323 1725 5378 Sia
1742 5329 1830 5378 autem
1847 5319 1891 5374 de-

1086 5393 1178 5462 functi
1199 5395 1290 5450 nullos
1312 5393 1466 5516 speciatim
1483 5393 1711 5450 administrationi
1722 5405 1890 5468 praeposue-¹

1088 5465 1161 5524 runt,
1186 5463 1235 5516 sod
1259 5461 1320 5516 here
1340 5477 1384 5516 um
1409 5463 1523 5518 arbitrio
1546 5469 1630 5518 totam
1647 5459 1845 5532 permiserunt,
1869 5471 1889 5510 a

1077 5529 1223 5582 autemid
1236 5531 1463 5602 praetermittant,
1487 5537 1542 5586 tum
1558 5525 1754 5600 relipiosissimi
1770 5523 1891 5596 episcopi

1088 5599 1116 5648 et
1131 5593 1320 5652 administrent
1339 5603 1366 5652 et
1379 5597 1600 5670 ptochotrophos
1616 5593 1658 5650 ool
1673 5605 1833 5646 nosocomos
1849 5593 1892 5648 ael

1086 5661 1264 5720 aeaodochos
1286 5665 1328 5720 rel
1350 5661 1589 5738 orphanotrophos
1609 5659 1650 5716 ool
1673 5657 1890 5732 brephotrophos

1087 5729 1129 5784 ool
1150 5737 1357 5800 peroniacomos
1380 5735 1423 5790 ael
1445 5735 1604 5786 oeconomos
1624 5725 1665 5782 ael
1676 5729 1890 5798 paramonarios

1087 5797 1130 5852 ael
1146 5795 1379 5868 administratores
1399 5801 1591 5872 praeponant,
1615 5795 1662 5864 qui
1685 5801 1712 5848 et
1727 5795 1781 5868 ipsi
1797 5801 1889 5870 παγαί
