4266 6266
1036 351 1101 426 474
1430 373 1476 420 nn
1497 367 1714 420 unoenrrorvu
1735 363 1915 414 ιιιιιτιιιιι

242 361 306 430 XII
326 365 367 432 ³7

242 551 308 608 allos
326 545 550 610 transferendam,
574 541 597 598 si
614 559 668 598 non
691 543 760 598 idem
779 543 910 606 officium,
935 541 1044 596 simulac
1095 539 1260 604 sustinuerit,
1280 539 1304 596 el
1322 535 1373 594 de³
1390 539 1499 608 proprio
1523 537 1663 600 resarcire,
1691 547 1770 614 quam
1793 529 1902 612 triginta

240 617 389 674 huiusmodi
406 613 486 668 fucrit
503 627 520 668 a
537 611 656 680 quolibet
673 611 777 666 facinus
794 613 991 680 perpetratum,
1010 609 1044 662 ad
1094 611 1224 664 librarum
1241 611 1299 662 ariri
1317 607 1428 662 multam
1446 611 1555 674 propter
1573 619 1646 660 suam
1664 601 1803 664 destinam,
1822 613 1900 680 rmmc

241 685 362 744 notitiam
384 687 491 736 nostrae
515 679 724 734 mansuetudinis
746 679 788 734 vel
812 683 883 734 certe
901 679 936 732 ad
959 677 1044 734 scien·
1095 683 1110 734 3
1145 677 1227 746 magis
1245 675 1420 732 coniventiam
1442 673 1590 744 dependere
1613 671 1739 742 cogendo.
1778 669 1900 722 Rectorr·

242 755 304 808 tiam
320 749 515 806 illustrissimae
531 747 699 816 magisteriae
715 747 833 802 referre¹
851 747 983 800 curaverit
996 761 1044 814 po·
1094 749 1144 802 bus
1154 745 1236 800 nihilo
1245 747 1332 800 minus
1341 743 1536 824 provvinciarjum
1546 745 1574 794 et
1583 739 1794 822 apparitionibus
1802 749 1900 818 eorpus,

241 817 360 886 testatis,
379 821 411 872 ut
426 815 543 872 eiusdem
561 815 735 886 apparitionis
758 815 876 884 periculo
899 815 954 870 tale
969 813 1044 882 fiagi-
1095 815 1239 872 sistatuta
1256 817 1350 870 nostra
1366 811 1522 866 vrclavorunt
1538 825 1585 864 seu
1601 809 1694 862 violarr
1712 807 1899 870 concesserint,

242 887 306 940 tium
314 885 475 956 principales
484 885 591 940 minime
599 885 795 954 possirtaures
804 883 895 950 latere,
914 887 1045 952 quatenus

242 971 274 1010 ex
297 953 368 1010 omni
391 955 467 1022 parte
490 953 582 1008 codem
605 953 702 1008 delicto
730 953 859 1018 reuelato,
886 953 1045 1020 quicumque

242 1023 430 1076 saluberrimas
440 1025 549 1076 nostrae
558 1019 666 1088 pietatis
681 1019 862 1076 ordinationes
872 1037 954 1076 ausus
963 1019 1046 1074 fuerit

241 1091 348 1156 violare,
365 1089 549 1144 interminatas
567 1089 673 1142 minime
694 1089 780 1158 possit
801 1103 900 1158 poenas
920 1087 1045 1142 evadere:

240 1159 279 1212 ita
300 1163 331 1214 ul
353 1159 381 1214 in
405 1157 515 1226 singulis
536 1157 678 1222 militibus,
724 1157 750 1210 ui
773 1173 828 1210 non
852 1157 993 1212 observato
1016 1155 1046 1208 in

242 1243 330 1282 eorum
353 1241 468 1296 persona
491 1231 584 1280 tencre
607 1225 685 1280 datae
704 1175 882 1292 impositionis
905 1223 970 1280 laesi
987 1223 1045 1278 iue-

241 1295 305 1360 rint,
331 1295 411 1350 liceat
434 1291 641 1350 sacratissimum
656 1299 791 1358 cosmum,
812 1307 862 1364 per
878 1309 960 1348 unum
978 1293 1047 1346 forte

242 1363 281 1418 vel
299 1363 377 1418 etiem
396 1363 471 1418 binos
489 1361 585 1418 milites
609 1377 657 1432 pro
676 1361 797 1416 omnibus
815 1361 895 1418 verba
917 1361 1045 1424 facturos,

242 1437 331 1502 petere
349 1433 502 1486 comitatum
521 1437 546 1484 et
572 1429 702 1500 porrectis
719 1429 844 1500 precibus
863 1431 935 1498 quod
952 1437 1047 1484 contra

242 1503 358 1554 nostram
383 1499 582 1568 dispositionem
606 1499 681 1568 passi
698 1501 762 1552 sunt
779 1499 943 1568 approbare,
962 1511 1047 1568 eoque

242 1567 314 1622 iacto
332 1567 439 1624 statutis
452 1567 565 1622 violator
576 1565 764 1634 imperatoriae
782 1567 963 1634 dispositionis
982 1583 1044 1634 sup-

242 1641 256 1690 8
290 1637 377 1706 pliciis
389 1637 558 1706 percellatur.
584 1635 652 1690 illud
671 1637 810 1704 praeterea
825 1633 909 1688 modis
925 1637 1046 1688 omnibus

242 1705 375 1760 observari
399 1703 577 1768 decernimus,
601 1709 632 1758 ut
653 1705 777 1772 erogator
795 1719 885 1758 omues
910 1703 1044 1772 pecunias,

241 1787 309 1894 puae
326 1773 437 1828 mortuis
455 1773 581 1826 militibus
599 1769 735 1842 usquead
753 1771 822 1826 diem
844 1773 937 1826 mortis
954 1785 1046 1826 eorum

260 1841 347 1896 ebitue
362 1841 477 1906 fueraut,
496 1841 641 1896 secundum
659 1841 749 1896 datam
763 1841 816 1894 iam
827 1839 937 1894 divalem
954 1841 1044 1910 diapo-

241 1909 362 1964 siticnem
379 1909 507 1964 uxoribus
524 1909 567 1964 vel
583 1907 673 1964 liberis
692 1923 783 1964 eorum
806 1925 859 1964 non
877 1907 979 1964 dubitet
995 1907 1044 1964 mi-

240 1979 402 2032 nistrandas.

276 2045 313 2104 17
337 2045 412 2102 Idem
434 2045 466 2102 Α.
491 2045 609 2102 Maudio
628 2063 679 2120 pp.
723 2045 789 2100 (lum
812 2061 891 2168 saepe
917 2043 1046 2114 contingit

240 2121 350 2184 propter
367 2113 495 2184 quasdam
512 2113 639 2168 maximas
658 2119 685 2170 et
706 2115 862 2168 inexcusab'
874 2129 902 2168 ιι
927 2113 1044 2168 rationes

241 2183 398 2250 quibusdam
413 2183 447 2238 ad
465 2183 612 2238 custodiam
622 2183 663 2238 vel
675 2183 756 2238 aliam
773 2181 924 2236 huiusmodi
937 2197 1044 2236 causam

240 2253 336 2306 milites
348 2251 471 2320 deputari
483 2251 524 2306 vel
541 2251 620 2306 etiem
638 2251 778 2322 deputatos
794 2267 860 2318 esse,
879 2255 906 2306 et
916 2267 969 2306 nou
980 2267 1044 2306 oon-

240 2321 310 2372 venit
323 2321 375 2374 hoc
383 2319 461 2374 modo
470 2319 605 2390 publicum
614 2321 723 2390 aliquod
741 2319 866 2372 damnum
880 2335 928 2374 seu
938 2319 1044 2388 dispen-

240 2387 311 2442 dium
325 2387 466 2454 sustinere,
485 2387 618 2454 iubemus,
637 2389 660 2444 si
679 2389 724 2458 qui
740 2387 880 2442 fortissimi
898 2387 993 2444 milites
1011 2401 1044 2440 ex

239 2471 405 2526 quocumque
413 2471 522 2510 numero
533 2457 613 2512 curiis
620 2457 659 2512 vel
668 2455 825 2526 quibusdam
835 2455 993 2524 corporibus
1004 2455 1045 2510 vel

239 2525 417 2588 sacrosanctis
437 2525 555 2580 ecclesiis
571 2525 612 2580 vel
629 2525 689 2582 aliis
706 2525 828 2594 personis
845 2541 894 2594 pro
914 2525 1043 2588 custodia,

219 2659 220 2664 η
240 2597 270 2646 ut
287 2593 387 2648 dictum
404 2597 457 2656 est,
476 2593 516 2648 vel
540 2593 589 2648 teli
612 2593 666 2648 alia
684 2601 805 2648 causae
827 2597 920 2648 nostro
937 2593 1044 2646 numine

239 2661 358 2730 deputati
376 2667 439 2718 suut
452 2663 494 2716 vel
512 2661 618 2728 suenni,
635 2679 669 2718 ιιι
686 2677 837 2732 percorum
856 2661 1044 2716 translationes

239 2729 312 2784 circa
328 2745 493 2786 annonarum
511 2731 552 2786 vel
570 2731 687 2798 capitum
698 2731 735 2786 eis
752 2729 966 2798 praebendorum
985 2743 1043 2784 erc-

237 2797 370 2864 gatiouem
388 2799 504 2868 publicis
521 2799 670 2856 rationibus
694 2799 823 2870 quaedam
840 2799 923 2852 laesio
939 2799 1043 2866 ingera-

238 2869 290 2934 tur,
315 2865 405 2922 eadem
429 2867 461 2924 de
483 2867 593 2936 proprio
611 2883 752 2936 personam
770 2883 817 2922 seu
838 2881 981 2936 personas,
1000 2865 1044 2920 cui

238 2935 377 3002 atquibus
395 2935 516 3006 deputati
539 2941 602 2990 sunt
618 2937 659 2990 vel
682 2935 795 3002 fuerint,
817 2935 902 2990 modis
921 2935 1044 2990 omnibus

238 3017 394 3072 agnoscere:
419 3005 471 3058 hoc
492 3005 676 3060 tantummodo
701 3005 734 3060 de
755 3005 862 3074 publico
886 3019 935 3074 pro
959 3005 1044 3058 isdem

237 3071 349 3128 annonis
368 3077 394 3126 ιι
412 3071 503 3140 capitu
519 3072 674 3140 praebendo
692 3077 720 3128 et
741 3071 907 3142 imputando,
927 3071 997 3142 quod
1013 3071 1043 3124 in

237 3139 313 3206 locis,
332 3155 364 3194 ex
383 3141 479 3210 quibus
516 3141 613 3196 raefati
629 3143 726 3196 milites
743 3141 902 3210 perveniunt
919 3157 966 3196 seu
983 3155 1043 3210 per-

239 3213 372 3272 venerunt,
390 3157 580 3278 imputaiatur,
598 3209 823 3266 velsiautelatam
835 3209 1044 3278 praestationem

238 3277 405 3344 supradictae
424 3291 555 3346 personae
572 3281 760 3344 recusaverint
779 3279 886 3332 eosdem
901 3279 996 3332 milites
1011 3275 1044 3330 de

237 3347 292 3398 auis
317 3347 384 3400 locis
407 3361 461 3400 non
483 3347 621 3414 recedere,
639 3347 681 3402 vel
703 3361 748 3402 eos
771 3347 816 3416 qui
833 3347 993 3402 recesserint
1010 3343 1044 3398 ad

239 3419 250 3466 1
288 3429 320 3468 ea
343 3413 399 3468 sine
423 3413 537 3482 quadam
558 3431 633 3470 mora
657 3415 751 3470 redire.
791 3413 851 3470 Hoc
874 3413 1043 3468 omnifariam

238 3481 420 3548 custodiendo,
446 3487 477 3536 ut
499 3497 576 3536 nemo
600 3483 829 3538 devotissimorum
850 3483 963 3536 militum
986 3481 1042 3536 cui-

237 3565 349 3616 cumque
371 3563 503 3618 personae
524 3565 572 3606 scu
596 3551 701 3620 corpori
725 3551 782 3604 siue
806 3551 914 3620 speciali
933 3553 1043 3604 nostrae

237 3617 386 3672 screnitatis
416 3617 534 3672 iussione
562 3619 668 3686 scriptis
697 3619 859 3690 preferenda
890 3617 1041 3686 deputetur.

237 3689 252 3740 2
287 3685 383 3740 Officio
401 3693 462 3742 tuae
479 3687 651 3752 celsitudinis,
670 3687 693 3744 si
710 3689 780 3740 hanc
793 3693 901 3742 nostrae
918 3701 1041 3742 mansue·

237 3755 336 3808 tudinis
353 3755 477 3822 formam,
497 3755 619 3822 quotiens
637 3771 717 3824 snper
734 3755 861 3810 militibus
884 3755 1042 3824 quibusdam

237 3823 394 3892 deputandis
413 3823 513 3892 aliquid
536 3827 667 3878 statutum
689 3825 783 3890 fuerit,
801 3825 882 3892 gestis
905 3823 1042 3879 insinuare

237 3897 276 3958 et,
295 3893 357 3960 quid
375 3907 434 3960 eos,
453 3891 549 3960 quibus
567 3893 623 3946 dati
641 3899 717 3958 sunt,
736 3899 816 3962 prout
833 3893 911 3946 uobis
931 3893 1041 3962 placuit,

236 3975 380 4028 agnoscere
390 3965 502 4028 oportet,
520 3959 610 4014 itidem
627 3962 764 4028 publicare
780 3961 885 4016 minime
899 3959 1040 4026 curaverit,

236 4033 290 4082 tam
308 4027 483 4098 dispendium,
502 4029 685 4098 quodcumque
701 4029 838 4100 publicum
852 4031 903 4084 hac
914 4043 945 4082 ex
959 4043 1041 4084 causa

236 4205 267 4270 (1)
285 4199 429 4268 resonari,
451 4201 516 4252 ferre
533 4201 615 4254 Koa
674 4203 708 4268 (ι)
725 4203 820 4268 possint
845 4205 904 4256 iibri
963 4205 996 4268 (3)
1015 4201 1038 4252 ei

235 4273 266 4322 ιιι
283 4273 345 4334 edd,
363 4271 403 4322 vel
421 4271 444 4322 ei
461 4269 492 4320 de
512 4271 541 4334 0,
558 4271 598 4320 vel
616 4271 694 4322 eidem
713 4271 741 4322 K
785 4271 816 4338 (ι)
836 4291 856 4322 c.
874 4283 908 4324 18.
926 4283 949 4324 ιι
968 4273 1038 4322 Ana·

236 4343 307 4392 stasiv'
329 4359 379 4390 esse
402 4337 528 4406 colliyitur
553 4357 581 4390 ea
602 4343 622 4402 l,
640 4351 661 4404 4,
679 4351 718 4404 18,
743 4357 806 4406 quae
827 4343 922 4406 pemiua
944 4343 1040 4394 videtur

236 4421 290 4460 ιιι
311 4415 344 4468 ιι
395 4407 428 4472 (ι)
444 4411 485 4452 ='
496 4407 522 4458 B
541 4411 612 4472 tue,
626 4419 651 4460 ιε
704 4409 738 4472 (ι)
755 4407 923 4474 decutiam
940 4411 1041 4460 tradam

237 4477 360 4528 Parasitiu
378 4479 412 4528 ad
431 4473 510 4526 Coust.
531 4479 584 4538 l‚e
640 4475 673 4542 (t)
692 4503 724 4522 π
743 4475 867 4540 Reus,
887 4487 911 4528 19
963 4475 997 4540 (8)
1016 4471 1044 4524 εἴ

268 4673 396 4730 XXXVII
423 4673 461 4732 18
486 4675 562 4730 idem
578 4677 610 4730 A.
636 4675 798 4730 Constitutia
822 4675 897 4732 iubet
918 4677 947 4730 iu
971 4677 1039 4730 locis

234 4743 358 4818 imprimis
376 4759 408 4796 cu
431 4743 542 4796 retincti
565 4761 634 4814 quaa
657 4743 786 4798 militibus
803 4743 942 4814 cropauda
965 4751 1038 4808 suut,

1096 881 1213 938 eiusdem
1232 881 1459 950 condemnationis
1478 877 1608 932 solutione
1626 875 1808 944 percellentis.

1131 947 1169 1010 18
1189 947 1225 1016 [Ὁ
1243 947 1321 1004 αὐτὸς
1337 943 1489 1016 βασιλιάςθ]

1165 1019 1215 1070 l‘H
1229 1015 1347 1080 διάταξις
1368 1013 1467 1068 κελεύει
1484 1009 1616 1086 πρότερον
1640 1015 1685 1066 ἐπὶ
1709 1013 1798 1088 χώρας
1815 1029 1900 1084 παρα·

1163 1087 1324 1160 κρατεῖσθαι
1347 1079 1378 1138 τά
1404 1085 1440 1138 ais
1463 1085 1632 1156 στρατιώτας
1654 1079 1839 1152 δαπανώμενα
1856 1079 1900 1132 καὶ

1163 1157 1312 1222 τηνικαῦτα
1336 1151 1383 1208 acis
1401 1151 1493 1206 λοιπὰς
1517 1151 1602 1204 αἰτίαι
1626 1151 1673 1202 τοῦ
1692 1145 1820 1218 δημοσίου
1837 1165 1901 1218 προ-

1163 1225 1252 1292 βῆναι.
1285 1217 1347 1274 οὐδὲ
1363 1219 1413 1294 γάρ
1431 1217 1481 1292 χρὴ
1496 1219 1581 1288 μόναι
1591 1217 1638 1270 τὰς
1655 1217 1793 1282 inueneris
1804 1231 1899 1270 amaea·

1163 1293 1299 1364 είγεσθαι,
1330 1289 1519 1358 ῥηθυμεῖσθαι
1542 1283 1572 1340 dt
1592 1283 1629 1338 τά
1649 1285 1830 1356 στρατιωτικά
1854 1283 1899 1338 δσ-

1163 1355 1318 1430 πανηματα.
1352 1355 1414 1412 τοὺς
1432 1355 1461 1410 δὲ
1478 1355 1608 1428 ἄρχονται
1625 1357 1668 1406 καὶ
1687 1351 1733 1406 aire
1751 1351 1839 1408 rabiem
1856 1353 1901 1406 uui

1163 1427 1255 1484 πάντα
1273 1427 1322 1480 τὸν
1340 1429 1383 1480 ἔτι
1400 1445 1431 1478 ον
1449 1421 1650 1494 δημοσιεύοντι,
1668 1421 1695 1474 εἴ
1705 1443 1732 1476 τι
1747 1421 1901 1492 παραβαθῇ

1163 1497 1222 1550 τών
1247 1495 1473 1558 θεσπισθεντων,
1499 1497 1543 1544 και
1567 1489 1600 1546 τά
1627 1487 1750 1564 χρήματα
1775 1493 1902 1562 παρέχειν

1163 1565 1275 1618 οἴκοθεν
1297 1567 1352 1616 τοῖς
1369 1558 1548 1634 στρατιώταις
1570 1565 1614 1614 καὶ
1637 1555 1786 1634 πρόστιμον
1804 1555 1901 1610 ἑκατὸν

1164 1631 1208 1686 λιτ
1226 1635 1266 1688 ὢν
1282 1637 1391 1702 χρυσίου
1407 1631 1584 1698 θεσπίζομεν.
1704 1633 1738 1692 [α.
1757 1629 1899 1688 til—tiit]
1947 1671 1948 1674 ,

1131 1697 1170 1760 19
1190 1653 1226 1768 [g
1244 1697 1324 1754 αιίτὸε
1342 1697 1474 1768 βασιλεύς]
1494 1733 1629 1754 ......
1648 1697 1834 1764 (δεσπίζομενο

1165 1765 1216 1824 ’Ἡ
1229 1765 1356 1838 διάταξιςυ
1365 1765 1477 1832 κελεύει,
1497 1769 1556 1832 ἵνα,
1579 1763 1626 1818 ἐὰν
1648 1767 1817 1836 στρατιῶται
1839 1757 1855 1814 ά
1877 1781 1900 1812 ε-

1162 1839 1263 1892 στώτες
1279 1835 1316 1906 μὴ
1334 1839 1404 1890 ώσιν
1421 1839 1450 1888 ἐν
1467 1839 1525 1888 ταῖς
1540 1835 1647 1888 οἰκείαις
1661 1829 1820 1906 άγγαρείαιε,
1836 1783 1901 1906 άλλῖΛ

1162 1903 1179 1974 ἢ
1196 1907 1232 1958 aie
1248 1903 1384 1976 βοήθειαν
1401 1901 1417 1972 τ’]
1439 1925 1452 1956 ο
1471 1905 1593 1972 ίσθησαν
1615 1897 1771 1976 προσώποις
1793 1905 1867 1954 τισὶν
1884 1915 1899 1960 t,

1162 1973 1233 2028 κατά
1247 1973 1346 2046 άφεσιν
1362 1925 1549 2040 ἀπελύθησαν,
1571 1969 1607 2040 μὴ
1631 1969 1777 2040 λαμβάνειν
1794 1967 1839 2022 τάς
1857 1965 1899 2022 άν-

1162 2039 1243 2098 νόνοις
1261 2039 1353 2096 αὐτῶν
1367 2039 1418 2096 τὸν
1431 2037 1714 2112 δπομνηματοφιλλακα
1733 2041 1763 2092 ἐν
1779 2033 1844 2090 εἴδει
1856 2033 1900 2090 διὰ

1162 2109 1193 2166 τὸ
1212 2111 1247 2180 μὴ
1266 2111 1441 2184 φθείρεσθαι,
1459 2105 1519 2164 ἀλλ’
1538 2113 1569 2162 ἐν
1590 2109 1680 2180 χρυσῷ
1703 2105 1901 2176 διατιμωμένου

1162 2181 1210 2234 τοῖ’
1225 2177 1309 2234 εἴδους
1322 2183 1392 2234 κατά
1405 2177 1456 2246 τὴν
1465 2173 1607 2250 τράπεζαν,
1626 2171 1704 2248 ὅρκου
1718 2179 1901 2248 παρεχομένου

1162 2245 1233 2316 παρά
1260 2269 1289 2300 τε
1310 2249 1368 2300 τών
1385 2243 1539 2318 τριβοάνων
1562 2245 1684 2298 καὶτῶν
1705 2249 1838 2316 βικαρίων
1856 2245 1899 2296 uui

1161 2319 1221 2370 τῶν
1251 2315 1419 2386 δομεστίκων
1449 2319 1494 2366 καὶ
1524 2309 1830 2384 άπομνηυατοφυλάκων
1855 2315 1899 2364 και

1161 2381 1317 2450 άπτιώνων,
1336 2381 1415 2438 οὐδὲν
1433 2371 1515 2450 ἦττον
1528 2387 1573 2436 καὶ
1583 2381 1651 2452 μετὰ
1661 2381 1712 2434 τὸν
1729 2375 1809 2450 άρκον
1826 2379 1899 2454 λογο·

1162 2455 1339 2522 θετουμένων
1355 2459 1413 2516 καί,
1436 2453 1507 2504 εἴτε8
1524 2447 1558 2504 διν
1575 2447 1752 2520 εὑρεθείησαν
1769 2445 1899 2520 φεισάμε-

1160 2543 1212 2586 νοι,
1230 2525 1260 2576 ἐν
1278 2519 1368 2588 διπλῷ
1386 2519 1625 2588 καταβαλλόντων.
1659 2521 1694 2570 Εἰ
1712 2515 1802 2570 δὲκαὶ
1820 2537 1899 2590 στρα·

1160 2587 1260 2660 τιώτηι
1282 2589 1461 2664 ἐξαργυρίσαι
1477 2587 1626 2658 βουληθείη
1650 2585 1698 2640 τὰς
1719 2591 1923 2658 παρεχομείιαιΥ

1162 2655 1238 2726 αὐτῷ
1260 2653 1390 2722 άννάυατ,
1415 2653 1528 2728 λὴφεται
1553 2661 1584 2710 ιδ
1610 2653 1732 2728 χρήματα
1757 2653 1826 2708 κατὰ
1850 2653 1899 2720 τὴν

1160 2725 1306 2800 τράπεζαν.
1343 2727 1382 2780 9εἰ
1399 2723 1429 2780 δὲ
1445 2727 1476 2780 τὸ
1496 2723 1563 2780 aiios
1580 2721 1719 2794 λαμβάνει,
1738 2719 1851 2794 λη’φεται
1868 2717 1899 2774 τὸ
1959 2791 1960 2796 1

1162 2799 1191 2850 ἐν
1210 2799 1242 2870 τῇ
1267 2795 1343 2868 χώρη
1364 2793 1561 2878 χορηγούμενον
1583 2793 1655 2846 κατὰ
1676 2789 1835 2860 δοκιμασίαν
1853 2789 1900 2870 aa}

1161 2859 1376 2936 θεοφιλεστάτου
1401 2883 1461 2918 των
1487 2859 1583 2918 τόπων
1609 2857 1758 2916 ἐπισκόπου
1784 2865 1829 2912 καὶ
1852 2877 1899 2912 τον

1163 2929 1352 3006 λαμπροτάτου
1376 2929 1482 2984 ἐνδίκου
1505 2935 1550 2998 τῆς
1574 2927 1684 2988 πόλεως.
1724 2931 1759 2982 Ei
1776 2927 1807 2982 di
1823 2921 1899 2980 καὶὸ

1160 2997 1428 3072 τλπομνηματοφάλαξ
1445 2997 1560 3074 άγοράση
1578 2997 1652 3072 παρὰ
1670 2993 1839 3068 στρατιώτου
1853 2993 1900 3050 τάς

1161 3065 1275 3122 άννόνας
1293 3065 1374 3122 αὐτοῦ
1391 3073 1435 3120 uui
1454 3065 1532 3122 αὐτὸς
1541 3053 1563 3104 1⁰
1580 3063 1709 3136 λαμβάνει
1728 3063 1809 3120 ciete
1826 3059 1899 3134 παρὰ

1162 3141 1212 3192 τοῦ
1233 3135 1409 3192 συντελιστοῦ
1432 3133 1467 3190 ais
1491 3137 1690 3208 ἐκχωρηθείσαε
1713 3131 1795 3202 αὐτῷ,
1817 3131 1900 3188 πάλιν

1161 3203 1230 3260 κατδ
1246 3203 1296 3274 τὴν
1313 3203 1454 3278 τράπεζαν
1470 3203 1620 3276 λαμβάνειν
1629 3199 1720 3268 αὐτόν,
1739 3203 1762 3254 ai
1775 3201 1812 3272 μὴ
1827 3197 1900 3274 παρὰ

1161 3275 1191 3326 τδ
1220 3271 1288 3328 ελδοε
1319 3271 1443 3342 βούλεται
1470 3269 1485 3326 ὁ
1511 3269 1684 3338 συντελεστὴς
1710 3275 1900 3346 προσαγαγεῖν.

1097 3343 1126 3398 li
1162 3345 1197 3396 Ei
1215 3341 1245 3396 dd
1261 3347 1305 3396 uui
1325 3341 1350 3394 ci
1367 3339 1539 3394 reverterent
1556 3341 1757 3410 βουληθείησαν
1775 3341 1900 3394 ἑκουσίως

1161 3411 1288 3478 πωλῆσαι
1316 3431 1379 3464 τινα
1404 3415 1460 3464 τοῖς
1485 3405 1674 3482 στρατιώταις,
1706 3407 1736 3460 οὗ
1761 3405 1899 3476 κωλύομεν

1160 3481 1240 3532 τοῦτο
1257 3479 1398 3552 γίνεσθαι,
1418 3479 1503 3532 εἶκαὶ
1526 3477 1666 3548 μέλλουσιν
1684 3481 1713 3528 iu
1729 3473 1825 3530 τούτου
1842 3493 1899 3562 κερ-

1162 3545 1272 3614 δαίνειν,
1295 3541 1397 3612 ἥττονα
1420 3543 1560 3614 ποσότητα
1577 3543 1659 3600 εἰδῶν
1679 3549 1839 3618 παρέχοντες
1856 3565 1899 3598 αυ·

1159 3621 1215 3668 τοῖς
1235 3613 1311 3688 παρὰ
1333 3615 1383 3680 τὴν
1407 3611 1539 3686 δημοσίαν
1556 3611 1701 3688 τράπεζαν.
1741 3613 1777 3684 μὴ
1800 3615 1899 3676 ἐξίστω

1160 3683 1261 3738 διτταῖς
1279 3683 1431 3738 πολίταις11
1454 3687 1482 3734 ἐκ
1504 3681 1600 3738 τούτου
1622 3681 1755 3752 βλάπτειν
1772 3679 1822 3736 aia
1840 3701 1899 3736 σνν-

1160 3749 1293 3818 τελεστήν,
1319 3753 1377 3816 ἵνα,
1402 3749 1449 3804 ἐάν
1467 3747 1544 3806 αὐτοὶ
1562 3753 1649 3806 κακώε
1673 3747 1900 3822 συμφωνήσωσιν,

1160 3817 1333 3894 ἀναγκάζωσι
1341 3817 1392 3872 τὸν
1401 3819 1683 3888 temulentissime
1697 3817 1900 3890 συνεφώνησε12

1111 3893 1125 3944 2
1160 3895 1310 3960 παρασχεῖν
1328 3887 1360 3942 τά
1379 3887 1444 3956 εἴδη.
1479 3885 1603 3962 Εδροιλσα
1627 3885 1656 3940 δὲ
1679 3883 1840 3954 ηδιάταξιε,
1858 3881 1900 3942 ὅτι

1160 3965 1208 4012 καί
1228 3977 1298 4012 τινες
1321 3959 1380 4010 τών
1402 3977 1436 4022 χα
1454 3955 1606 4028 τοολαρίων
1623 3959 1682 4010 τών
1697 3955 1899 4028 γενναιοτάτων

1160 4023 1290 4100 ἀριθμῶν
1311 4021 1371 4094 ἤτοι
1394 3977 1564 4098 φοιδεράτων
1586 4029 1771 4080 συνωνοῦνται
1798 4025 1900 4078 ἑαυτοῖς

1088 4217 1116 4258 τι
1139 4201 1274 4252 Haimiaclr
1346 4199 1382 4262 (9)
1403 4205 1414 4258 ι
1435 4211 1445 4250 1
1461 4201 1512 4262 flu.
1529 4223 1563 4244 =
1582 4203 1604 4262 1,
1622 4211 1643 4262 4,
1661 4211 1686 4250 18
1755 4203 1802 4264 (10)
1820 4193 1900 4252 αὐτάς

1093 4271 1207 4322 Cuiacius
1226 4271 1299 4332 1584,
1318 4259 1402 4320 nimiu
1424 4269 1537 4320 Cuiccius
1557 4269 1629 4332 1562,
1648 4269 1711 4320 uude
1730 4269 1899 4320 Hcmmauuus

1091 4339 1176 4388 conicit
1194 4337 1237 4388 λοι
1262 4337 1312 4388 ίοτο
1337 4329 1420 4388 αὐτὸν
1439 4331 1587 4404 λαμβάνειν
1603 4355 1650 4388 ιω.
1673 4347 1696 4388 et
1712 4339 1781 4404 iufra
1799 4329 1898 4406 λαμβά·

1089 4423 1148 4458 νειν
1166 4397 1249 4456 αὐτόν
1262 4407 1309 4456 dcl.
1344 4405 1386 4468 (11)
1405 4397 1586 4472 στρατιώταις
1599 4405 1731 4472 requiritur
1763 4407 1809 4472 (m)
1826 4397 1897 4458 καθ’

1088 4461 1131 4526 oia
1148 4471 1332 4542 συνεφωνήθη
1349 4491 1395 4524 εει.

1093 4679 1104 4728 1
1132 4673 1265 4730 mendacii
1282 4675 1399 4746 ccuuicti
1413 4673 1530 4746 fucriut,
1549 4673 1662 4748 duplum
1678 4677 1793 4734 solvunt.
1820 4677 1899 4746 Quod
1928 4679 1929 4682 ’

1088 4743 1113 4796 si
1136 4743 1212 4796 miles
1234 4749 1414 4820 competcutcs
1439 4743 1492 4798 sibi
1519 4761 1645 4798 auuouas
1662 4743 1806 4802 ‘adamum
1825 4747 1896 4814 ,vuli

233 4821 263 4870 ct
275 4819 337 4868 tuuc
345 4811 577 4890 demumreliquas
589 4813 651 4882 sisci
660 4829 757 4868 causas
766 4811 926 4884 procedam.
940 4827 1039 4892 'usquc
1084 4811 1219 4890 pecuarius
1235 4811 1272 4864 ad
1288 4817 1422 4866 rationem
1439 4829 1547 4868 meusne
1563 4811 1685 4872 acuatu.
1715 4815 1819 4870 ειυετο
1836 4833 1896 4888 spc-

235 4883 305 4938 cuim
318 4879 393 4934 solas
410 4883 628 4952 mausiacensem
641 4897 759 4952 ιιτρυειι
776 4887 892 4952 oportet,
911 4881 1040 4936 militares

234 4967 298 5006 υετο
322 4947 495 5018 οτοηαίίοαεε
517 4949 666 5018 αιρίερετε.
707 4949 885 5020 mapistratus
908 4955 996 5004 autam
1013 4953 1041 5002 ct

235 5019 357 5074 ciuitates
374 5029 517 5084 omucsquc
535 5015 606 5068 alius
617 5015 744 5086 publicas
755 5033 909 5088 personas,
932 5017 957 5072 εί
974 5015 1041 5088 quid

234 5103 328 5142 cocum
347 5101 420 5208 punc
437 5081 584 5160 coustitpta
600 5091 666 5140 suut
686 5081 816 5140 uiolatum
831 5087 933 5156 fucrit,
950 5093 978 5140 ct
992 5101 1039 5156 pc-

235 5155 330 5208 cuuius
366 5167 446 5208 cauo
464 5147 592 5204 militibus
609 5157 636 5204 at
656 5153 768 5208 multam
788 5151 891 5208 Cauri.
909 5153 1039 5210 libratum

234 5221 267 5276 cic
288 5221 385 5276 cudere
400 5219 526 5276 iubemus.

264 5237 309 5348 λιι
334 5289 409 5344 Idam
431 5289 461 5342 A.
489 5285 648 5342 Comitium
668 5287 819 5360 praecipit,
844 5295 876 5344 ut
897 5291 921 5344 si
941 5291 1040 5346 milites

231 5357 356 5430 propriis
373 5357 528 5412 miuistcriis
545 5369 601 5408 uou
622 5353 792 5422 iucuruiuut,
809 5357 858 5414 scd
874 5357 918 5414 νει
939 5357 1040 5414 auxilii

234 5425 327 5498 pratia
338 5423 468 5500 persouis
481 5421 639 5496 quibusdam
655 5419 779 5492 deputati
794 5425 902 5496 fueriut
914 5425 957 5482 cei
969 5441 1039 5482 ccm-

235 5499 324 5548 mcatu
349 5493 463 5558 dimissi,
491 5507 615 5546 auuouus
644 5505 737 5544 corum
764 5495 905 5548 actuarius
929 5511 985 5550 uou
1010 5495 1040 5548 iu

235 5561 373 5632 spectetur
390 5561 520 5632 αοτίμιαι,
544 5577 577 5614 uc
598 5561 799 5636 peremisset
819 5563 849 5616 iu
870 5579 940 5618 aura
959 5561 1039 5618 usti-

236 5631 315 5684 matia
335 5629 473 5702 speciebus
496 5627 533 5682 ui
557 5643 664 5684 meusac
685 5631 836 5704 patiemim,
862 5629 1038 5686 termenando

233 5699 367 5766 praestito
384 5705 411 5752 ct
428 5713 444 5750 α
463 5697 577 5750 tribunis
595 5703 621 5750 et
638 5713 655 5750 α
673 5709 783 5750 uacuum
802 5705 830 5750 ct
852 5715 869 5752 a
887 5697 1040 5754 domesticis

234 5771 263 5818 cl
278 5763 312 5820 ab
329 5765 459 5820 actuariis
482 5771 507 5818 ct
530 5765 564 5818 ui
588 5761 754 5834 optionibus,
779 5765 825 5832 qui
849 5765 1039 5822 nihilomiuus

231 5837 300 5900 post
315 5831 501 5886 iusiurandum
518 5831 640 5886 raucum
657 5831 776 5886 redduut
791 5837 825 5896 ct,
850 5833 874 5886 si
891 5849 947 5902 ηιια
963 5835 992 5888 iu
1009 5849 1039 5888 τε

1090 4895 1143 4934 ωτι
1160 4879 1270 4944 maeuii,
1287 4895 1335 4934 τοι
1352 4895 1422 4950 petas
1439 4881 1516 4952 rapio
1554 4881 1610 4934 urit
1622 4875 1689 4934 'acci
1708 4883 1746 4936 iet
1762 4883 1898 4940 arbitratu

1089 4947 1139 5002 ίεο
1149 4947 1327 5002 umuutissimi
1338 4949 1460 5018 episcopi
1472 4953 1523 5004 cic
1534 4949 1652 5004 ιτίιείνιί
1685 4951 1820 5022 cfcusom's
1835 4953 1897 5008 civi-

1091 5021 1123 5070 lu
1159 5015 1230 5070 tatis.
1267 5015 1297 5070 Si
1315 5033 1379 5072 vcro
1397 5017 1538 5072 actuarius
1555 5035 1572 5072 a
1589 5015 1674 5072 milite
1690 5035 1816 5074 auuouus
1839 5021 1898 5076 cius

1090 5085 1184 5138 amnti
1208 5099 1307 5154 casque
1329 5101 1346 5138 α
1369 5085 1502 5140 οοίίοιοτε
1523 5091 1556 5140 ut
1579 5103 1671 5142 cassas
1693 5087 1745 5142 eiii
1761 5091 1896 5162 τιφαετίί,

1088 5167 1185 5206 rursm
1203 5151 1239 5204 ud
1256 5153 1390 5206 ιαιίοκειιι
1404 5171 1513 5210 uacuam
1527 5171 1574 5210 aas
1587 5153 1695 5226 αεσλμίι,
1713 5157 1767 5210 uisi
1780 5157 1897 5214 collator

1092 5219 1121 5276 lb
1156 5221 1185 5274 iu
1208 5219 1347 5292 speciebus
1369 5237 1416 5276 aas
1437 5221 1544 5292 inferre
1566 5221 1630 5280 uuit.
1671 5221 1704 5278 Si
1725 5241 1789 5282 cmo
1814 5225 1894 5282 collu-

1091 5295 1164 5344 torcs
1180 5287 1254 5342 uitro
1272 5305 1332 5342 cum
1355 5289 1485 5346 militibus
1501 5291 1618 5348 mercari
1634 5289 1743 5360 volumi,
1767 5293 1819 5348 λοι·
1834 5293 1895 5364 fieri

1089 5373 1146 5412 ucu
1163 5363 1290 5424 aciamus,
1310 5357 1373 5412 licat
1388 5375 1426 5414 cm
1443 5375 1475 5414 το
1494 5359 1599 5414 tuarum
1616 5361 1724 5430 facturi
1740 5363 1804 5428 siut,
1823 5361 1897 5434 quod

1089 5425 1219 5480 minorem
1235 5425 1386 5498 specierum
1403 5429 1584 5498 quantitatem
1601 5429 1640 5482 eis
1661 5429 1806 5484 scoriadam
1823 5447 1895 5486 meu-

1090 5509 1137 5548 sac
1153 5493 1287 5550 ratonem
1304 5495 1436 5564 iufaruut.
1463 5513 1512 5552 uec
1524 5497 1606 5552 liccat
1616 5495 1718 5552 ciuibus
1731 5497 1896 5564 (militiast)

1091 5561 1248 5616 collatorem
1274 5561 1375 5618 exinde
1398 5563 1498 5618 domuc
1516 5563 1641 5636 adficere,
1660 5567 1747 5636 quod,
1766 5581 1825 5620 cum
1843 5567 1896 5638 ipsi

1090 5627 1159 5684 mulc
1176 5631 1257 5700 'pacti
1277 5637 1356 5696 suut,
1380 5631 1539 5688 collatorem
1562 5641 1659 5688 cauma
1681 5651 1713 5690 ca
1735 5651 1806 5704 puae
1820 5637 1896 5706 pacti

1091 5701 1104 5750 2
1137 5703 1204 5776 suut
1219 5699 1323 5770 specics
1339 5699 1446 5770 iufcrre
1463 5707 1570 5824 capent.
1609 5699 1672 5756 Cum
1690 5707 1779 5756 uatem
1796 5703 1896 5758 courti-

1091 5769 1159 5820 tutm
1176 5767 1309 5822 auceucm't
1317 5767 1457 5888 puccium
1475 5785 1490 5824 c
1509 5769 1660 5822 urtuiurios
1680 5769 1894 5840 tutissimarum

1089 5849 1262 5890 nummorum
1284 5851 1316 5890 νε
1349 5835 1557 5904 foederatorum
1578 5837 1746 5906 frumentum
1767 5835 1819 5892 sibi
1835 5855 1893 5894 atiea
