<?xml version="1.0" encoding="UTF-8"?>
<!DOCTYPE html PUBLIC "-//W3C//DTD XHTML 1.0 Transitional//EN"
    "http://www.w3.org/TR/xhtml1/DTD/xhtml1-transitional.dtd">
<html xmlns="http://www.w3.org/1999/xhtml" xml:lang="en" lang="en">
 <head>
  <title>
</title>
<meta http-equiv="Content-Type" content="text/html;charset=utf-8" />
  <meta name='ocr-system' content='tesseract 3.04.00' />
  <meta name='ocr-capabilities' content='ocr_page ocr_carea ocr_par ocr_line ocrx_word'/>
</head>
<body>
  <div class='ocr_page' id='page_1' title='image "./corpusiuriscivi00kruegoog_0178.png"; bbox 0 0 4258 6266; ppageno 0'>
   <div class='ocr_carea' id='block_1_1' title="bbox 248 367 425 432">
    <p class='ocr_par' dir='ltr' id='par_1_1' title="bbox 248 367 425 432">
     <span class='ocr_line' id='line_1_1' title="bbox 248 367 425 432; baseline -0.017 -2"><span class='ocrx_word' id='word_1_1' title='bbox 248 367 362 432; x_wconf 85' lang='grc'>11143.</span> <span class='ocrx_word' id='word_1_2' title='bbox 386 369 425 428; x_wconf 92' lang='grc'>44</span> 
     </span>
    </p>
   </div>
   <div class='ocr_carea' id='block_1_2' title="bbox 1053 355 1112 450">
    <p class='ocr_par' dir='ltr' id='par_1_2' title="bbox 1053 355 1112 450">
     <span class='ocr_line' id='line_1_2' title="bbox 1053 355 1112 450; baseline 0.068 -24"><span class='ocrx_word' id='word_1_3' title='bbox 1053 355 1112 450; x_wconf 81' lang='lat' dir='ltr'>aa</span> 
     </span>
    </p>
   </div>
   <div class='ocr_carea' id='block_1_3' title="bbox 1653 373 1907 436">
    <p class='ocr_par' dir='ltr' id='par_1_3' title="bbox 1653 373 1907 436">
     <span class='ocr_line' id='line_1_3' title="bbox 1653 373 1907 436; baseline 0.047 -12"><span class='ocrx_word' id='word_1_4' title='bbox 1653 373 1700 424; x_wconf 84' lang='lat' dir='ltr'>nn</span> <span class='ocrx_word' id='word_1_5' title='bbox 1720 377 1907 436; x_wconf 78' lang='grc'>4444444444</span> 
     </span>
    </p>
   </div>
   <div class='ocr_carea' id='block_1_4' title="bbox 927 455 1227 468">
    <p class='ocr_par' dir='ltr' id='par_1_4' title="bbox 927 455 1227 468">
     <span class='ocr_line' id='line_1_4' title="bbox 927 455 1227 468; baseline -0.003 -2"><span class='ocrx_word' id='word_1_6' title='bbox 927 455 1227 468; x_wconf 60' lang='lat' dir='ltr'>m</span> 
     </span>
    </p>
   </div>
   <div class='ocr_carea' id='block_1_5' title="bbox 248 545 1053 1026">
    <p class='ocr_par' dir='ltr' id='par_1_5' title="bbox 248 545 1053 1026">
     <span class='ocr_line' id='line_1_5' title="bbox 313 545 1050 612; baseline -0.008 -6"><span class='ocrx_word' id='word_1_7' title='bbox 313 553 368 606; x_wconf 85' lang='lat' dir='ltr'>ret:</span> <span class='ocrx_word' id='word_1_8' title='bbox 392 545 511 602; x_wconf 77' lang='lat' dir='ltr'><strong>domibus</strong></span> <span class='ocrx_word' id='word_1_9' title='bbox 536 561 626 602; x_wconf 90' lang='lat' dir='ltr'>eorum</span> <span class='ocrx_word' id='word_1_10' title='bbox 668 545 805 612; x_wconf 86' lang='lat' dir='ltr'>ubbcatis,</span> <span class='ocrx_word' id='word_1_11' title='bbox 829 545 875 600; x_wconf 93' lang='lat' dir='ltr'>ubi</span> <span class='ocrx_word' id='word_1_12' title='bbox 891 545 958 600; x_wconf 90' lang='lat' dir='ltr'>haec</span> <span class='ocrx_word' id='word_1_13' title='bbox 975 561 1005 600; x_wconf 91' lang='lat' dir='ltr'>re</span> <span class='ocrx_word' id='word_1_14' title='bbox 1024 561 1050 600; x_wconf 92' lang='lat' dir='ltr'>e·</span> 
     </span>
     <span class='ocr_line' id='line_1_6' title="bbox 251 563 1050 696; baseline -0.005 -24"><span class='ocrx_word' id='word_1_15' title='bbox 251 625 261 672; x_wconf 89' lang='lat'>1</span> <span class='ocrx_word' id='word_1_16' title='bbox 314 617 426 672; x_wconf 85' lang='lat' dir='ltr'>riantur.</span> <span class='ocrx_word' id='word_1_17' title='bbox 461 613 490 670; x_wconf 86' lang='lat' dir='ltr'>Si</span> <span class='ocrx_word' id='word_1_18' title='bbox 506 619 595 668; x_wconf 89' lang='lat' dir='ltr'>autem</span> <span class='ocrx_word' id='word_1_19' title='bbox 610 563 726 672; x_wconf 72' lang='lat' dir='ltr'>noiiuerit</span> <span class='ocrx_word' id='word_1_20' title='bbox 739 613 858 694; x_wconf 75' lang='lat' dir='ltr'>recipere</span> <span class='ocrx_word' id='word_1_21' title='bbox 872 613 895 668; x_wconf 89' lang='lat' dir='ltr'>ie</span> <span class='ocrx_word' id='word_1_22' title='bbox 910 615 956 682; x_wconf 88' lang='lat' dir='ltr'>qui</span> <span class='ocrx_word' id='word_1_23' title='bbox 971 563 1050 696; x_wconf 62' lang='lat' dir='ltr'>dciii,</span> 
     </span>
     <span class='ocr_line' id='line_1_7' title="bbox 313 681 1051 754; baseline 0 -16"><span class='ocrx_word' id='word_1_24' title='bbox 313 687 471 754; x_wconf 87' lang='lat' dir='ltr'>procurator</span> <span class='ocrx_word' id='word_1_25' title='bbox 483 685 591 738; x_wconf 83' lang='lat' dir='ltr'>noster¹</span> <span class='ocrx_word' id='word_1_26' title='bbox 609 681 660 740; x_wconf 89' lang='lat' dir='ltr'>hoc</span> <span class='ocrx_word' id='word_1_27' title='bbox 674 685 791 752; x_wconf 80' lang='lat' dir='ltr'>inquirat</span> <span class='ocrx_word' id='word_1_28' title='bbox 806 683 832 734; x_wconf 88' lang='lat' dir='ltr'>et</span> <span class='ocrx_word' id='word_1_29' title='bbox 845 683 1051 750; x_wconf 75' lang='grc'>4444444414-</span> 
     </span>
     <span class='ocr_line' id='line_1_8' title="bbox 248 747 1053 818; baseline -0.001 -12"><span class='ocrx_word' id='word_1_30' title='bbox 248 759 262 806; x_wconf 89' lang='grc'>2</span> <span class='ocrx_word' id='word_1_31' title='bbox 314 769 375 808; x_wconf 88' lang='lat' dir='ltr'>eum</span> <span class='ocrx_word' id='word_1_32' title='bbox 392 755 537 806; x_wconf 82' lang='lat' dir='ltr'>convertat.</span> <span class='ocrx_word' id='word_1_33' title='bbox 573 749 697 808; x_wconf 78' lang='lat' dir='ltr'><strong>Similiter</strong></span> <span class='ocrx_word' id='word_1_34' title='bbox 713 747 872 818; x_wconf 80' lang='lat' dir='ltr'><strong>provideant</strong></span> <span class='ocrx_word' id='word_1_35' title='bbox 887 749 998 816; x_wconf 86' lang='lat' dir='ltr'>iudices,</span> <span class='ocrx_word' id='word_1_36' title='bbox 1021 757 1053 806; x_wconf 90' lang='lat' dir='ltr'>ut</span> 
     </span>
     <span class='ocr_line' id='line_1_9' title="bbox 314 817 1051 890; baseline -0.005 -14"><span class='ocrx_word' id='word_1_37' title='bbox 314 837 330 876; x_wconf 89' lang='lat' dir='ltr'>a</span> <span class='ocrx_word' id='word_1_38' title='bbox 347 817 517 888; x_wconf 88' lang='lat' dir='ltr'>blasphemiis</span> <span class='ocrx_word' id='word_1_39' title='bbox 535 821 562 874; x_wconf 89' lang='lat' dir='ltr'>et</span> <span class='ocrx_word' id='word_1_40' title='bbox 578 819 710 890; x_wconf 78' lang='lat' dir='ltr'>periuriis,</span> <span class='ocrx_word' id='word_1_41' title='bbox 734 831 804 886; x_wconf 89' lang='lat' dir='ltr'>quae</span> <span class='ocrx_word' id='word_1_42' title='bbox 820 817 939 886; x_wconf 90' lang='lat' dir='ltr'>ipsorum</span> <span class='ocrx_word' id='word_1_43' title='bbox 954 819 1051 874; x_wconf 87' lang='lat' dir='ltr'>inbibi-</span> 
     </span>
     <span class='ocr_line' id='line_1_10' title="bbox 313 885 1051 1008; baseline 0 -66"><span class='ocrx_word' id='word_1_44' title='bbox 313 889 429 968; x_wconf 81' lang='lat' dir='ltr'>tionibus</span> <span class='ocrx_word' id='word_1_45' title='bbox 440 887 548 1008; x_wconf 76' lang='lat' dir='ltr'>tdebent</span> <span class='ocrx_word' id='word_1_46' title='bbox 571 885 722 960; x_wconf 78' lang='lat' dir='ltr'>comprimi,</span> <span class='ocrx_word' id='word_1_47' title='bbox 747 899 837 942; x_wconf 88' lang='lat' dir='ltr'>omnes</span> <span class='ocrx_word' id='word_1_48' title='bbox 859 885 965 954; x_wconf 89' lang='lat' dir='ltr'>penitus</span> <span class='ocrx_word' id='word_1_49' title='bbox 988 903 1051 942; x_wconf 87' lang='lat' dir='ltr'>cou-</span> 
     </span>
     <span class='ocr_line' id='line_1_11' title="bbox 314 971 459 1026; baseline -0.028 -14"><span class='ocrx_word' id='word_1_50' title='bbox 314 971 459 1026; x_wconf 80' lang='lat' dir='ltr'>quiescas.</span> 
     </span>
    </p>
   </div>
   <div class='ocr_carea' id='block_1_6' title="bbox 294 1129 1008 1316">
    <p class='ocr_par' dir='ltr' id='par_1_6' title="bbox 294 1129 1008 1316">
     <span class='ocr_line' id='line_1_12' title="bbox 551 1129 834 1222; baseline -0.011 0"><span class='ocrx_word' id='word_1_51' title='bbox 551 1159 744 1222; x_wconf 76' lang='lat' dir='ltr'>uxamam</span> <span class='ocrx_word' id='word_1_52' title='bbox 833 1129 834 1132; x_wconf 51' lang='lat'>‘</span> 
     </span>
     <span class='ocr_line' id='line_1_13' title="bbox 294 1259 1008 1316; baseline -0.008 -2"><span class='ocrx_word' id='word_1_53' title='bbox 294 1265 340 1314; x_wconf 80' lang='lat' dir='ltr'>DE</span> <span class='ocrx_word' id='word_1_54' title='bbox 358 1261 548 1316; x_wconf 68' lang='lat' dir='ltr'>dentitiones</span> <span class='ocrx_word' id='word_1_55' title='bbox 566 1261 610 1312; x_wconf 82' lang='grc' dir='ltr'>ΕΤ</span> <span class='ocrx_word' id='word_1_56' title='bbox 628 1261 816 1312; x_wconf 79' lang='lat' dir='ltr'>SUMPTIBUS</span> <span class='ocrx_word' id='word_1_57' title='bbox 834 1259 1008 1312; x_wconf 82' lang='lat' dir='ltr'>FUNERUM.</span> 
     </span>
    </p>
   </div>
   <div class='ocr_carea' id='block_1_7' title="bbox 244 1357 1055 2790">
    <p class='ocr_par' dir='ltr' id='par_1_7' title="bbox 245 1357 1055 1696">
     <span class='ocr_line' id='line_1_14' title="bbox 281 1357 1052 1436; baseline -0.01 -14"><span class='ocrx_word' id='word_1_58' title='bbox 281 1361 295 1422; x_wconf 86' lang='lat'>1</span> <span class='ocrx_word' id='word_1_59' title='bbox 322 1361 391 1436; x_wconf 84' lang='lat' dir='ltr'>Imp.</span> <span class='ocrx_word' id='word_1_60' title='bbox 409 1359 563 1420; x_wconf 75' lang='lat' dir='ltr'><em>Antoninus</em></span> <span class='ocrx_word' id='word_1_61' title='bbox 584 1359 615 1414; x_wconf 97' lang='lat' dir='ltr'><em>A.</em></span> <span class='ocrx_word' id='word_1_62' title='bbox 639 1359 795 1432; x_wconf 73' lang='lat' dir='ltr'><em>Dionysiae.</em></span> <span class='ocrx_word' id='word_1_63' title='bbox 837 1359 867 1414; x_wconf 84' lang='lat' dir='ltr'>Si</span> <span class='ocrx_word' id='word_1_64' title='bbox 887 1359 914 1414; x_wconf 78' lang='lat' dir='ltr'>vi</span> <span class='ocrx_word' id='word_1_65' title='bbox 935 1357 1052 1414; x_wconf 87' lang='lat' dir='ltr'>fluminis</span> 
     </span>
     <span class='ocr_line' id='line_1_15' title="bbox 246 1427 1053 1502; baseline -0.005 -16"><span class='ocrx_word' id='word_1_66' title='bbox 246 1433 371 1502; x_wconf 81' lang='lat' dir='ltr'>reliquiae</span> <span class='ocrx_word' id='word_1_67' title='bbox 394 1431 442 1486; x_wconf 91' lang='lat' dir='ltr'>filii</span> <span class='ocrx_word' id='word_1_68' title='bbox 465 1429 505 1482; x_wconf 89' lang='lat' dir='ltr'>tui</span> <span class='ocrx_word' id='word_1_69' title='bbox 528 1427 718 1498; x_wconf 85' lang='lat' dir='ltr'>continguntur</span> <span class='ocrx_word' id='word_1_70' title='bbox 734 1427 775 1482; x_wconf 90' lang='lat' dir='ltr'>vel</span> <span class='ocrx_word' id='word_1_71' title='bbox 797 1427 850 1482; x_wconf 91' lang='lat' dir='ltr'>alia</span> <span class='ocrx_word' id='word_1_72' title='bbox 870 1427 942 1482; x_wconf 88' lang='lat' dir='ltr'>iusta</span> <span class='ocrx_word' id='word_1_73' title='bbox 962 1431 990 1480; x_wconf 89' lang='lat' dir='ltr'>et</span> <span class='ocrx_word' id='word_1_74' title='bbox 1007 1443 1053 1482; x_wconf 86' lang='lat' dir='ltr'>ne-</span> 
     </span>
     <span class='ocr_line' id='line_1_16' title="bbox 249 1495 1051 1564; baseline -0.006 -10"><span class='ocrx_word' id='word_1_75' title='bbox 249 1501 364 1556; x_wconf 88' lang='lat' dir='ltr'>cessaria</span> <span class='ocrx_word' id='word_1_76' title='bbox 381 1513 464 1554; x_wconf 88' lang='lat' dir='ltr'>causa</span> <span class='ocrx_word' id='word_1_77' title='bbox 480 1495 620 1550; x_wconf 84' lang='lat' dir='ltr'>intervenit</span> <span class='ocrx_word' id='word_1_78' title='bbox 657 1495 840 1552; x_wconf 73' lang='lat' dir='ltr'>aestimatione</span> <span class='ocrx_word' id='word_1_79' title='bbox 860 1497 972 1550; x_wconf 88' lang='lat' dir='ltr'>rectoris</span> <span class='ocrx_word' id='word_1_80' title='bbox 989 1511 1051 1564; x_wconf 91' lang='lat' dir='ltr'>pro-</span> 
     </span>
     <span class='ocr_line' id='line_1_17' title="bbox 245 1537 1055 1644; baseline -0.006 -22"><span class='ocrx_word' id='word_1_81' title='bbox 245 1569 345 1626; x_wconf 75' lang='lat' dir='ltr'>unciae</span> <span class='ocrx_word' id='word_1_82' title='bbox 354 1565 499 1644; x_wconf 79' lang='lat' dir='ltr'>transferre</span> <span class='ocrx_word' id='word_1_83' title='bbox 509 1537 685 1620; x_wconf 81' lang='lat' dir='ltr'>essinaiium</span> <span class='ocrx_word' id='word_1_84' title='bbox 694 1565 783 1644; x_wconf 82' lang='lat' dir='ltr'>locum</span> <span class='ocrx_word' id='word_1_85' title='bbox 791 1563 900 1632; x_wconf 89' lang='lat' dir='ltr'>poteris.</span> <span class='ocrx_word' id='word_1_86' title='bbox 925 1561 981 1616; x_wconf 88' lang='lat' dir='ltr'><em>PP.</em></span> <span class='ocrx_word' id='word_1_87' title='bbox 998 1577 1055 1618; x_wconf 80' lang='grc' dir='ltr'>ππ</span> 
     </span>
     <span class='ocr_line' id='line_1_18' title="bbox 245 1633 1051 1696; baseline -0.01 -4"><span class='ocrx_word' id='word_1_88' title='bbox 245 1635 272 1692; x_wconf 79' lang='lat' dir='ltr'>lt.</span> <span class='ocrx_word' id='word_1_89' title='bbox 289 1637 357 1692; x_wconf 85' lang='lat' dir='ltr'>Noa</span> <span class='ocrx_word' id='word_1_90' title='bbox 375 1633 513 1690; x_wconf 74' lang='lat' dir='ltr'>Antonino</span> <span class='ocrx_word' id='word_1_91' title='bbox 530 1633 561 1686; x_wconf 89' lang='lat' dir='ltr'><em>A.</em></span> <span class='ocrx_word' id='word_1_92' title='bbox 581 1647 636 1688; x_wconf 79' lang='grc' dir='ltr'><strong><em>ιιι]</em></strong></span> <span class='ocrx_word' id='word_1_93' title='bbox 651 1641 678 1688; x_wconf 84' lang='lat' dir='ltr'>at</span> <span class='ocrx_word' id='word_1_94' title='bbox 689 1633 807 1688; x_wconf 79' lang='lat' dir='ltr'>Balbino</span> <span class='ocrx_word' id='word_1_95' title='bbox 826 1647 912 1686; x_wconf 86' lang='lat' dir='ltr'>consa</span> <span class='ocrx_word' id='word_1_96' title='bbox 948 1635 1051 1696; x_wconf 84' lang='grc'>[4213]</span> 
     </span>
    </p>

    <p class='ocr_par' dir='ltr' id='par_1_8' title="bbox 245 1701 1053 2242">
     <span class='ocr_line' id='line_1_19' title="bbox 282 1701 1052 1770; baseline -0.009 -8"><span class='ocrx_word' id='word_1_97' title='bbox 282 1701 301 1762; x_wconf 81' lang='lat'><strong>2</strong></span> <span class='ocrx_word' id='word_1_98' title='bbox 320 1701 394 1758; x_wconf 75' lang='lat' dir='ltr'>idem</span> <span class='ocrx_word' id='word_1_99' title='bbox 411 1703 442 1756; x_wconf 91' lang='lat' dir='ltr'><em>A.</em></span> <span class='ocrx_word' id='word_1_100' title='bbox 462 1701 615 1754; x_wconf 79' lang='lat' dir='ltr'>Hilariano.</span> <span class='ocrx_word' id='word_1_101' title='bbox 650 1701 736 1756; x_wconf 79' lang='lat' dir='ltr'>Invito</span> <span class='ocrx_word' id='word_1_102' title='bbox 753 1701 795 1754; x_wconf 83' lang='lat' dir='ltr'>uel</span> <span class='ocrx_word' id='word_1_103' title='bbox 814 1701 954 1770; x_wconf 80' lang='lat' dir='ltr'>ignorante</span> <span class='ocrx_word' id='word_1_104' title='bbox 974 1703 1001 1752; x_wconf 90' lang='lat' dir='ltr'>te</span> <span class='ocrx_word' id='word_1_105' title='bbox 1018 1701 1052 1756; x_wconf 92' lang='lat' dir='ltr'>ab</span> 
     </span>
     <span class='ocr_line' id='line_1_20' title="bbox 247 1767 1053 1838; baseline -0.006 -12"><span class='ocrx_word' id='word_1_106' title='bbox 247 1773 299 1826; x_wconf 92' lang='lat' dir='ltr'>alio</span> <span class='ocrx_word' id='word_1_107' title='bbox 317 1771 420 1824; x_wconf 85' lang='grc'>1114444</span> <span class='ocrx_word' id='word_1_108' title='bbox 438 1785 534 1838; x_wconf 86' lang='lat' dir='ltr'>corpus</span> <span class='ocrx_word' id='word_1_109' title='bbox 551 1767 580 1822; x_wconf 90' lang='lat' dir='ltr'>iu</span> <span class='ocrx_word' id='word_1_110' title='bbox 596 1785 692 1836; x_wconf 89' lang='lat' dir='ltr'>puram</span> <span class='ocrx_word' id='word_1_111' title='bbox 708 1769 904 1838; x_wconf 88' lang='lat' dir='ltr'>possessionem</span> <span class='ocrx_word' id='word_1_112' title='bbox 920 1773 995 1820; x_wconf 90' lang='lat' dir='ltr'>tuam</span> <span class='ocrx_word' id='word_1_113' title='bbox 1011 1767 1053 1822; x_wconf 90' lang='lat' dir='ltr'>vel</span> 
     </span>
     <span class='ocr_line' id='line_1_21' title="bbox 245 1835 1052 1908; baseline -0.005 -16"><span class='ocrx_word' id='word_1_114' title='bbox 245 1839 359 1908; x_wconf 76' lang='lat' dir='ltr'>lapidem</span> <span class='ocrx_word' id='word_1_115' title='bbox 372 1839 460 1892; x_wconf 90' lang='lat' dir='ltr'>locum</span> <span class='ocrx_word' id='word_1_116' title='bbox 476 1837 627 1906; x_wconf 89' lang='lat' dir='ltr'>religiosum</span> <span class='ocrx_word' id='word_1_117' title='bbox 641 1837 730 1892; x_wconf 87' lang='lat' dir='ltr'>iacere</span> <span class='ocrx_word' id='word_1_118' title='bbox 742 1853 797 1892; x_wconf 90' lang='lat' dir='ltr'>noa</span> <span class='ocrx_word' id='word_1_119' title='bbox 806 1841 903 1906; x_wconf 87' lang='lat' dir='ltr'>potest.</span> <span class='ocrx_word' id='word_1_120' title='bbox 931 1835 954 1890; x_wconf 90' lang='lat' dir='ltr'>si</span> <span class='ocrx_word' id='word_1_121' title='bbox 964 1839 1052 1890; x_wconf 91' lang='lat' dir='ltr'>autem</span> 
     </span>
     <span class='ocr_line' id='line_1_22' title="bbox 247 1903 1052 1976; baseline -0.009 -14"><span class='ocrx_word' id='word_1_122' title='bbox 247 1907 381 1962; x_wconf 87' lang='lat' dir='ltr'>voluntate</span> <span class='ocrx_word' id='word_1_123' title='bbox 404 1909 451 1960; x_wconf 90' lang='lat' dir='ltr'>tua</span> <span class='ocrx_word' id='word_1_124' title='bbox 474 1911 607 1960; x_wconf 89' lang='lat' dir='ltr'>mortuum</span> <span class='ocrx_word' id='word_1_125' title='bbox 630 1905 725 1976; x_wconf 87' lang='lat' dir='ltr'>aliquis</span> <span class='ocrx_word' id='word_1_126' title='bbox 749 1905 777 1960; x_wconf 91' lang='lat' dir='ltr'>in</span> <span class='ocrx_word' id='word_1_127' title='bbox 803 1905 891 1960; x_wconf 89' lang='lat' dir='ltr'>iocum</span> <span class='ocrx_word' id='word_1_128' title='bbox 913 1903 1052 1956; x_wconf 82' lang='grc'>444414-</span> 
     </span>
     <span class='ocr_line' id='line_1_23' title="bbox 247 1971 1051 2044; baseline -0.007 -14"><span class='ocrx_word' id='word_1_129' title='bbox 247 1975 344 2042; x_wconf 86' lang='lat' dir='ltr'>tulerit,</span> <span class='ocrx_word' id='word_1_130' title='bbox 362 1973 501 2044; x_wconf 86' lang='lat' dir='ltr'>religiosus</span> <span class='ocrx_word' id='word_1_131' title='bbox 518 1973 568 2028; x_wconf 86' lang='lat' dir='ltr'>iste</span> <span class='ocrx_word' id='word_1_132' title='bbox 586 1971 712 2028; x_wconf 80' lang='lat' dir='ltr'>efficitur:</span> <span class='ocrx_word' id='word_1_133' title='bbox 737 1989 789 2042; x_wconf 91' lang='lat' dir='ltr'>quo</span> <span class='ocrx_word' id='word_1_134' title='bbox 807 1973 880 2028; x_wconf 83' lang='lat' dir='ltr'>iacto</span> <span class='ocrx_word' id='word_1_135' title='bbox 898 1985 1051 2026; x_wconf 74' lang='lat' dir='ltr'>monumen·</span> 
     </span>
     <span class='ocr_line' id='line_1_24' title="bbox 247 2039 1052 2124; baseline -0.004 -28"><span class='ocrx_word' id='word_1_136' title='bbox 247 2049 302 2098; x_wconf 90' lang='lat' dir='ltr'>tum</span> <span class='ocrx_word' id='word_1_137' title='bbox 324 2057 410 2112; x_wconf 87' lang='lat' dir='ltr'>noque</span> <span class='ocrx_word' id='word_1_138' title='bbox 426 2043 516 2096; x_wconf 85' lang='lat' dir='ltr'>venire</span> <span class='ocrx_word' id='word_1_139' title='bbox 539 2055 625 2110; x_wconf 83' lang='lat' dir='ltr'>neque</span> <span class='ocrx_word' id='word_1_140' title='bbox 648 2043 759 2110; x_wconf 88' lang='lat' dir='ltr'>obligari</span> <span class='ocrx_word' id='word_1_141' title='bbox 777 2057 794 2094; x_wconf 92' lang='lat' dir='ltr'>a</span> <span class='ocrx_word' id='word_1_142' title='bbox 812 2057 945 2124; x_wconf 72' lang='lat' dir='ltr'>quoquam</span> <span class='ocrx_word' id='word_1_143' title='bbox 961 2039 1052 2110; x_wconf 87' lang='lat' dir='ltr'>probi-</span> 
     </span>
     <span class='ocr_line' id='line_1_25' title="bbox 245 2109 1050 2178; baseline -0.007 -12"><span class='ocrx_word' id='word_1_144' title='bbox 245 2113 324 2166; x_wconf 90' lang='lat' dir='ltr'>bente</span> <span class='ocrx_word' id='word_1_145' title='bbox 349 2111 414 2166; x_wconf 89' lang='lat' dir='ltr'>iuris</span> <span class='ocrx_word' id='word_1_146' title='bbox 440 2109 488 2164; x_wconf 89' lang='lat' dir='ltr'>reli</span> <span class='ocrx_word' id='word_1_147' title='bbox 508 2109 567 2166; x_wconf 85' lang='lat' dir='ltr'>&#39;one</span> <span class='ocrx_word' id='word_1_148' title='bbox 593 2123 672 2178; x_wconf 89' lang='lat' dir='ltr'>posse</span> <span class='ocrx_word' id='word_1_149' title='bbox 703 2111 732 2166; x_wconf 93' lang='lat' dir='ltr'>in</span> <span class='ocrx_word' id='word_1_150' title='bbox 758 2109 866 2166; x_wconf 87' lang='lat' dir='ltr'>dubmm</span> <span class='ocrx_word' id='word_1_151' title='bbox 892 2125 946 2164; x_wconf 90' lang='lat' dir='ltr'>nou</span> <span class='ocrx_word' id='word_1_152' title='bbox 971 2109 1050 2162; x_wconf 76' lang='lat' dir='ltr'>veuit.</span> 
     </span>
     <span class='ocr_line' id='line_1_26' title="bbox 245 2175 1049 2242; baseline 0 -10"><span class='ocrx_word' id='word_1_153' title='bbox 245 2177 300 2232; x_wconf 89' lang='lat' dir='ltr'><em>PP.</em></span> <span class='ocrx_word' id='word_1_154' title='bbox 319 2179 345 2234; x_wconf 84' lang='lat' dir='ltr'>lc.</span> <span class='ocrx_word' id='word_1_155' title='bbox 364 2179 429 2234; x_wconf 87' lang='lat' dir='ltr'>Mol.</span> <span class='ocrx_word' id='word_1_156' title='bbox 449 2175 488 2232; x_wconf 87' lang='lat' dir='ltr'>Sa</span> <span class='ocrx_word' id='word_1_157' title='bbox 505 2179 570 2232; x_wconf 74' lang='grc' dir='ltr'>ι’πο3</span> <span class='ocrx_word' id='word_1_158' title='bbox 587 2191 615 2232; x_wconf 81' lang='grc'>4</span> <span class='ocrx_word' id='word_1_159' title='bbox 632 2183 658 2234; x_wconf 85' lang='lat' dir='ltr'>et</span> <span class='ocrx_word' id='word_1_160' title='bbox 674 2177 804 2232; x_wconf 88' lang='lat' dir='ltr'>Annllino</span> <span class='ocrx_word' id='word_1_161' title='bbox 823 2193 908 2232; x_wconf 85' lang='lat' dir='ltr'>conss.</span> <span class='ocrx_word' id='word_1_162' title='bbox 938 2183 971 2242; x_wconf 88' lang='lat' dir='ltr'>[a.</span> <span class='ocrx_word' id='word_1_163' title='bbox 990 2181 1049 2240; x_wconf 82' lang='grc'>216]</span> 
     </span>
    </p>

    <p class='ocr_par' dir='ltr' id='par_1_9' title="bbox 245 2241 1051 2582">
     <span class='ocr_line' id='line_1_27' title="bbox 280 2241 1050 2316; baseline -0.009 -12"><span class='ocrx_word' id='word_1_164' title='bbox 280 2241 297 2304; x_wconf 89' lang='lat'><strong>3</strong></span> <span class='ocrx_word' id='word_1_165' title='bbox 325 2247 366 2302; x_wconf 89' lang='lat' dir='ltr'>Im</span> <span class='ocrx_word' id='word_1_166' title='bbox 388 2291 393 2302; x_wconf 95' lang='lat'><em>.</em></span> <span class='ocrx_word' id='word_1_167' title='bbox 419 2245 578 2302; x_wconf 77' lang='lat' dir='ltr'>Alexander</span> <span class='ocrx_word' id='word_1_168' title='bbox 603 2245 635 2300; x_wconf 90' lang='lat' dir='ltr'>A.</span> <span class='ocrx_word' id='word_1_169' title='bbox 659 2245 761 2302; x_wconf 86' lang='lat' dir='ltr'>Primo.</span> <span class='ocrx_word' id='word_1_170' title='bbox 806 2247 937 2316; x_wconf 80' lang='lat' dir='ltr'>Legatum</span> <span class='ocrx_word' id='word_1_171' title='bbox 962 2259 979 2298; x_wconf 93' lang='lat' dir='ltr'>a</span> <span class='ocrx_word' id='word_1_172' title='bbox 1006 2245 1050 2298; x_wconf 88' lang='lat' dir='ltr'>de-</span> 
     </span>
     <span class='ocr_line' id='line_1_28' title="bbox 245 2265 1051 2394; baseline -0.002 -26"><span class='ocrx_word' id='word_1_173' title='bbox 245 2313 337 2394; x_wconf 81' lang='lat' dir='ltr'>functo</span> <span class='ocrx_word' id='word_1_174' title='bbox 361 2265 410 2370; x_wconf 72' lang='lat' dir='ltr'>ibi</span> <span class='ocrx_word' id='word_1_175' title='bbox 431 2313 553 2370; x_wconf 89' lang='lat' dir='ltr'>relictum</span> <span class='ocrx_word' id='word_1_176' title='bbox 576 2319 604 2394; x_wconf 77' lang='grc'>44</span> <span class='ocrx_word' id='word_1_177' title='bbox 621 2313 703 2394; x_wconf 28' lang='grc'>,44441</span> <span class='ocrx_word' id='word_1_178' title='bbox 719 2315 747 2368; x_wconf 92' lang='lat' dir='ltr'>in</span> <span class='ocrx_word' id='word_1_179' title='bbox 770 2313 852 2370; x_wconf 83' lang='lat' dir='ltr'>funus</span> <span class='ocrx_word' id='word_1_180' title='bbox 869 2313 909 2370; x_wconf 85' lang='lat' dir='ltr'>rel</span> <span class='ocrx_word' id='word_1_181' title='bbox 926 2313 1051 2394; x_wconf 80' lang='lat' dir='ltr'>morbum</span> 
     </span>
     <span class='ocr_line' id='line_1_29' title="bbox 245 2381 1050 2452; baseline -0.002 -16"><span class='ocrx_word' id='word_1_182' title='bbox 245 2397 301 2436; x_wconf 83' lang='lat' dir='ltr'>erus</span> <span class='ocrx_word' id='word_1_183' title='bbox 320 2397 443 2452; x_wconf 81' lang='lat' dir='ltr'>erogasse</span> <span class='ocrx_word' id='word_1_184' title='bbox 460 2387 487 2438; x_wconf 91' lang='lat' dir='ltr'>te</span> <span class='ocrx_word' id='word_1_185' title='bbox 504 2381 568 2436; x_wconf 88' lang='lat' dir='ltr'>boni</span> <span class='ocrx_word' id='word_1_186' title='bbox 581 2397 629 2438; x_wconf 80' lang='lat' dir='ltr'>uri</span> <span class='ocrx_word' id='word_1_187' title='bbox 647 2383 778 2436; x_wconf 87' lang='lat' dir='ltr'>arbrtratu</span> <span class='ocrx_word' id='word_1_188' title='bbox 812 2383 955 2448; x_wconf 85' lang='lat' dir='ltr'>robarems,</span> <span class='ocrx_word' id='word_1_189' title='bbox 973 2397 1050 2450; x_wconf 81' lang='lat' dir='ltr'>prae-</span> 
     </span>
     <span class='ocr_line' id='line_1_30' title="bbox 245 2447 1051 2520; baseline -0.005 -14"><span class='ocrx_word' id='word_1_190' title='bbox 245 2467 287 2506; x_wconf 89' lang='lat' dir='ltr'>ses</span> <span class='ocrx_word' id='word_1_191' title='bbox 311 2451 462 2520; x_wconf 80' lang='lat' dir='ltr'>prouinciae</span> <span class='ocrx_word' id='word_1_192' title='bbox 487 2451 553 2506; x_wconf 90' lang='lat' dir='ltr'>solvi</span> <span class='ocrx_word' id='word_1_193' title='bbox 575 2451 624 2504; x_wconf 89' lang='lat' dir='ltr'>tibi</span> <span class='ocrx_word' id='word_1_194' title='bbox 644 2451 756 2506; x_wconf 89' lang='lat' dir='ltr'>iubebit.</span> <span class='ocrx_word' id='word_1_195' title='bbox 816 2449 847 2504; x_wconf 88' lang='lat' dir='ltr'>P.</span> <span class='ocrx_word' id='word_1_196' title='bbox 872 2465 966 2504; x_wconf 76' lang='lat' dir='ltr'>anon.</span> <span class='ocrx_word' id='word_1_197' title='bbox 985 2447 1051 2502; x_wconf 67' lang='lat' dir='ltr'>lali</span> 
     </span>
     <span class='ocr_line' id='line_1_31' title="bbox 245 2517 1050 2582; baseline -0.007 -8"><span class='ocrx_word' id='word_1_198' title='bbox 245 2517 369 2574; x_wconf 79' lang='lat' dir='ltr'>Marciano</span> <span class='ocrx_word' id='word_1_199' title='bbox 387 2535 417 2574; x_wconf 80' lang='grc' dir='ltr'>ιι</span> <span class='ocrx_word' id='word_1_200' title='bbox 431 2525 458 2574; x_wconf 87' lang='lat' dir='ltr'>et</span> <span class='ocrx_word' id='word_1_201' title='bbox 473 2517 587 2574; x_wconf 83' lang='lat' dir='ltr'>Aeliano</span> <span class='ocrx_word' id='word_1_202' title='bbox 606 2533 692 2572; x_wconf 84' lang='lat' dir='ltr'>conss.</span> <span class='ocrx_word' id='word_1_203' title='bbox 938 2523 972 2582; x_wconf 89' lang='lat' dir='ltr'>[a.</span> <span class='ocrx_word' id='word_1_204' title='bbox 992 2521 1050 2582; x_wconf 86' lang='grc'>223]</span> 
     </span>
    </p>

    <p class='ocr_par' dir='ltr' id='par_1_10' title="bbox 244 2583 1052 2790">
     <span class='ocr_line' id='line_1_32' title="bbox 278 2583 1052 2708; baseline -0.001 -67"><span class='ocrx_word' id='word_1_205' title='bbox 278 2583 297 2642; x_wconf 92' lang='grc'>4</span> <span class='ocrx_word' id='word_1_206' title='bbox 321 2585 399 2668; x_wconf 72' lang='lat' dir='ltr'>Idam</span> <span class='ocrx_word' id='word_1_207' title='bbox 422 2589 468 2666; x_wconf 39' lang='lat' dir='ltr'><em>A..</em></span> <span class='ocrx_word' id='word_1_208' title='bbox 481 2585 594 2664; x_wconf 76' lang='lat' dir='ltr'>Licinio.</span> <span class='ocrx_word' id='word_1_209' title='bbox 639 2585 667 2668; x_wconf 75' lang='lat' dir='ltr'>Si</span> <span class='ocrx_word' id='word_1_210' title='bbox 692 2585 863 2708; x_wconf 61' lang='lat' dir='ltr'>sepulchrum</span> <span class='ocrx_word' id='word_1_211' title='bbox 887 2585 1052 2666; x_wconf 75' lang='lat' dir='ltr'>mouumenti</span> 
     </span>
     <span class='ocr_line' id='line_1_33' title="bbox 244 2653 1052 2790; baseline -0.005 -12"><span class='ocrx_word' id='word_1_212' title='bbox 244 2653 689 2790; x_wconf 62' lang='lat' dir='ltr'>nitidisnlitidis,iti</span> <span class='ocrx_word' id='word_1_213' title='bbox 712 2653 1052 2788; x_wconf 57' lang='lat' dir='ltr'>altitudinis</span> 
     </span>
    </p>
   </div>
   <div class='ocr_carea' id='block_1_8' title="bbox 1100 543 1910 2790">
    <p class='ocr_par' dir='ltr' id='par_1_11' title="bbox 1100 543 1908 1224">
     <span class='ocr_line' id='line_1_34' title="bbox 1135 543 1907 606; baseline -0.019 0"><span class='ocrx_word' id='word_1_214' title='bbox 1135 543 1248 606; x_wconf 82' lang='grc'>61444</span> <span class='ocrx_word' id='word_1_215' title='bbox 1258 545 1289 600; x_wconf 83' lang='lat' dir='ltr'><em>A.</em></span> <span class='ocrx_word' id='word_1_216' title='bbox 1309 543 1451 600; x_wconf 86' lang='lat' dir='ltr'>Primitioo</span> <span class='ocrx_word' id='word_1_217' title='bbox 1470 551 1497 602; x_wconf 83' lang='lat' dir='ltr'>ct</span> <span class='ocrx_word' id='word_1_218' title='bbox 1513 545 1582 600; x_wconf 85' lang='lat' dir='ltr'>aliis.</span> <span class='ocrx_word' id='word_1_219' title='bbox 1617 543 1851 598; x_wconf 88' lang='lat' dir='ltr'>Monumentorum</span> <span class='ocrx_word' id='word_1_220' title='bbox 1867 545 1907 602; x_wconf 87' lang='lat' dir='ltr'>in.</span> 
     </span>
     <span class='ocr_line' id='line_1_35' title="bbox 1100 609 1907 750; baseline -0.001 -12"><span class='ocrx_word' id='word_1_221' title='bbox 1100 609 1907 750; x_wconf 48' lang='lat' dir='ltr'>titillantium?titillatastitistis</span> 
     </span>
     <span class='ocr_line' id='line_1_36' title="bbox 1100 699 1907 818; baseline 0 -12"><span class='ocrx_word' id='word_1_222' title='bbox 1100 699 1324 818; x_wconf 48' lang='lat' dir='ltr'>iongiptemporis,</span> <span class='ocrx_word' id='word_1_223' title='bbox 1344 749 1367 804; x_wconf 90' lang='lat' dir='ltr'>si</span> <span class='ocrx_word' id='word_1_224' title='bbox 1383 749 1482 804; x_wconf 86' lang='lat' dir='ltr'>iustam</span> <span class='ocrx_word' id='word_1_225' title='bbox 1499 765 1608 806; x_wconf 89' lang='lat' dir='ltr'>causam</span> <span class='ocrx_word' id='word_1_226' title='bbox 1625 747 1694 802; x_wconf 87' lang='lat' dir='ltr'>initii</span> <span class='ocrx_word' id='word_1_227' title='bbox 1709 747 1812 810; x_wconf 88' lang='lat' dir='ltr'>habuit,</span> <span class='ocrx_word' id='word_1_228' title='bbox 1833 747 1907 806; x_wconf 81' lang='lat' dir='ltr'>robis</span> 
     </span>
     <span class='ocr_line' id='line_1_37' title="bbox 1100 811 1907 947; baseline -0.005 -75"><span class='ocrx_word' id='word_1_229' title='bbox 1100 817 1232 890; x_wconf 88' lang='lat' dir='ltr'>proficiat.</span> <span class='ocrx_word' id='word_1_230' title='bbox 1276 817 1333 872; x_wconf 87' lang='lat' dir='ltr'><em>PP.</em></span> <span class='ocrx_word' id='word_1_231' title='bbox 1367 831 1423 872; x_wconf 81' lang='lat' dir='ltr'>rm</span> <span class='ocrx_word' id='word_1_232' title='bbox 1452 815 1479 872; x_wconf 84' lang='lat' dir='ltr'>la</span> <span class='ocrx_word' id='word_1_233' title='bbox 1507 819 1560 874; x_wconf 82' lang='lat' dir='ltr'>inl.</span> <span class='ocrx_word' id='word_1_234' title='bbox 1587 817 1696 874; x_wconf 80' lang='lat' dir='ltr'>iuliano</span> <span class='ocrx_word' id='word_1_235' title='bbox 1727 821 1754 870; x_wconf 86' lang='lat' dir='ltr'>et</span> <span class='ocrx_word' id='word_1_236' title='bbox 1782 811 1907 947; x_wconf 52' lang='grc' dir='ltr'><strong><em>όῖνόνρὲιιμ</em></strong></span> 
     </span>
     <span class='ocr_line' id='line_1_38' title="bbox 1102 899 1829 942; baseline -0.007 -1"><span class='ocrx_word' id='word_1_237' title='bbox 1102 903 1188 942; x_wconf 82' lang='lat' dir='ltr'>onas.</span> <span class='ocrx_word' id='word_1_238' title='bbox 1805 899 1829 936; x_wconf 89' lang='lat' dir='ltr'>a.</span> 
     </span>
     <span class='ocr_line' id='line_1_39' title="bbox 1118 893 1908 1024; baseline -0.003 -14"><span class='ocrx_word' id='word_1_239' title='bbox 1118 905 1152 1010; x_wconf 68' lang='lat'>⁰7</span> <span class='ocrx_word' id='word_1_240' title='bbox 1172 951 1241 1024; x_wconf 84' lang='lat' dir='ltr'>Imp.</span> <span class='ocrx_word' id='word_1_241' title='bbox 1262 949 1419 1008; x_wconf 78' lang='lat' dir='ltr'>Gordianum</span> <span class='ocrx_word' id='word_1_242' title='bbox 1432 951 1464 1008; x_wconf 85' lang='grc' dir='ltr'>Α.</span> <span class='ocrx_word' id='word_1_243' title='bbox 1484 951 1605 1010; x_wconf 73' lang='lat' dir='ltr'>Glandio.</span> <span class='ocrx_word' id='word_1_244' title='bbox 1641 951 1750 1008; x_wconf 83' lang='lat' dir='ltr'>Statuas</span> <span class='ocrx_word' id='word_1_245' title='bbox 1769 893 1908 1018; x_wconf 78' lang='lat' dir='ltr'>sepulchri</span> 
     </span>
     <span class='ocr_line' id='line_1_40' title="bbox 1101 1021 1908 1092; baseline -0.006 -12"><span class='ocrx_word' id='word_1_246' title='bbox 1101 1021 1318 1092; x_wconf 86' lang='lat' dir='ltr'>superimponere</span> <span class='ocrx_word' id='word_1_247' title='bbox 1334 1021 1376 1074; x_wconf 86' lang='lat' dir='ltr'>vel</span> <span class='ocrx_word' id='word_1_248' title='bbox 1392 1029 1571 1086; x_wconf 87' lang='lat' dir='ltr'>monumento,</span> <span class='ocrx_word' id='word_1_249' title='bbox 1595 1021 1665 1090; x_wconf 88' lang='lat' dir='ltr'>quod</span> <span class='ocrx_word' id='word_1_250' title='bbox 1682 1023 1709 1074; x_wconf 90' lang='lat' dir='ltr'>te</span> <span class='ocrx_word' id='word_1_251' title='bbox 1726 1021 1908 1076; x_wconf 84' lang='lat' dir='ltr'>extructurum</span> 
     </span>
     <span class='ocr_line' id='line_1_41' title="bbox 1100 1085 1908 1166; baseline -0.006 -18"><span class='ocrx_word' id='word_1_252' title='bbox 1100 1089 1245 1162; x_wconf 84' lang='lat' dir='ltr'>profiteris,</span> <span class='ocrx_word' id='word_1_253' title='bbox 1272 1095 1428 1144; x_wconf 86' lang='lat' dir='ltr'>ornamenta</span> <span class='ocrx_word' id='word_1_254' title='bbox 1457 1107 1524 1158; x_wconf 86' lang='lat' dir='ltr'>quae</span> <span class='ocrx_word' id='word_1_255' title='bbox 1550 1097 1629 1158; x_wconf 86' lang='lat' dir='ltr'>putas</span> <span class='ocrx_word' id='word_1_256' title='bbox 1652 1085 1831 1166; x_wconf 86' lang='lat' dir='ltr'>superaddere</span> <span class='ocrx_word' id='word_1_257' title='bbox 1854 1103 1908 1144; x_wconf 90' lang='lat' dir='ltr'>non</span> 
     </span>
     <span class='ocr_line' id='line_1_42' title="bbox 1120 1157 1908 1224; baseline -0.003 -10"><span class='ocrx_word' id='word_1_258' title='bbox 1120 1157 1258 1224; x_wconf 87' lang='lat' dir='ltr'>rohiberis,</span> <span class='ocrx_word' id='word_1_259' title='bbox 1284 1173 1345 1212; x_wconf 89' lang='lat' dir='ltr'>cum</span> <span class='ocrx_word' id='word_1_260' title='bbox 1362 1157 1390 1210; x_wconf 90' lang='lat' dir='ltr'>iu</span> <span class='ocrx_word' id='word_1_261' title='bbox 1406 1157 1464 1212; x_wconf 88' lang='lat' dir='ltr'>iure</span> <span class='ocrx_word' id='word_1_262' title='bbox 1481 1173 1530 1214; x_wconf 90' lang='lat' dir='ltr'>suo</span> <span class='ocrx_word' id='word_1_263' title='bbox 1548 1173 1640 1212; x_wconf 89' lang='lat' dir='ltr'>eorum</span> <span class='ocrx_word' id='word_1_264' title='bbox 1658 1171 1725 1224; x_wconf 89' lang='lat' dir='ltr'>quae</span> <span class='ocrx_word' id='word_1_265' title='bbox 1742 1169 1829 1208; x_wconf 89' lang='lat' dir='ltr'>mmus</span> <span class='ocrx_word' id='word_1_266' title='bbox 1846 1169 1908 1222; x_wconf 87' lang='lat' dir='ltr'>pro·</span> 
     </span>
    </p>

    <p class='ocr_par' dir='ltr' id='par_1_12' title="bbox 1100 1221 1907 1424">
     <span class='ocr_line' id='line_1_43' title="bbox 1122 1221 1907 1294; baseline -0.005 -12"><span class='ocrx_word' id='word_1_267' title='bbox 1122 1227 1187 1282; x_wconf 86' lang='lat' dir='ltr'>&#39;bita</span> <span class='ocrx_word' id='word_1_268' title='bbox 1204 1227 1267 1282; x_wconf 89' lang='lat' dir='ltr'>sunt</span> <span class='ocrx_word' id='word_1_269' title='bbox 1284 1225 1426 1294; x_wconf 89' lang='lat' dir='ltr'>unicuique</span> <span class='ocrx_word' id='word_1_270' title='bbox 1444 1225 1558 1282; x_wconf 86' lang='lat' dir='ltr'>facultas</span> <span class='ocrx_word' id='word_1_271' title='bbox 1576 1225 1662 1280; x_wconf 91' lang='lat' dir='ltr'>libera</span> <span class='ocrx_word' id='word_1_272' title='bbox 1679 1239 1734 1278; x_wconf 89' lang='lat' dir='ltr'>uon</span> <span class='ocrx_word' id='word_1_273' title='bbox 1757 1221 1907 1288; x_wconf 83' lang='lat' dir='ltr'>denegatur.</span> 
     </span>
     <span class='ocr_line' id='line_1_44' title="bbox 1100 1289 1907 1424; baseline -0.006 -76"><span class='ocrx_word' id='word_1_274' title='bbox 1100 1293 1156 1348; x_wconf 87' lang='lat' dir='ltr'><em>PP.</em></span> <span class='ocrx_word' id='word_1_275' title='bbox 1185 1309 1227 1348; x_wconf 81' lang='grc' dir='ltr'>ιιι</span> <span class='ocrx_word' id='word_1_276' title='bbox 1256 1293 1281 1348; x_wconf 82' lang='lat' dir='ltr'>la</span> <span class='ocrx_word' id='word_1_277' title='bbox 1309 1293 1378 1364; x_wconf 68' lang='lat' dir='ltr'><em>Any.</em></span> <span class='ocrx_word' id='word_1_278' title='bbox 1408 1291 1547 1350; x_wconf 81' lang='lat' dir='ltr'>Gordiano</span> <span class='ocrx_word' id='word_1_279' title='bbox 1574 1293 1605 1350; x_wconf 85' lang='grc' dir='ltr'>Α.</span> <span class='ocrx_word' id='word_1_280' title='bbox 1634 1307 1661 1348; x_wconf 79' lang='lat'>11</span> <span class='ocrx_word' id='word_1_281' title='bbox 1690 1299 1716 1348; x_wconf 84' lang='lat' dir='ltr'>et</span> <span class='ocrx_word' id='word_1_282' title='bbox 1740 1289 1907 1424; x_wconf 57' lang='lat' dir='ltr'>Pogtpel2a4rgg</span> 
     </span>
     <span class='ocr_line' id='line_1_45' title="bbox 1102 1375 1827 1416; baseline 0 0"><span class='ocrx_word' id='word_1_283' title='bbox 1102 1377 1188 1416; x_wconf 80' lang='grc'>44444.</span> <span class='ocrx_word' id='word_1_284' title='bbox 1804 1375 1827 1410; x_wconf 85' lang='lat' dir='ltr'>a.</span> 
     </span>
    </p>

    <p class='ocr_par' dir='ltr' id='par_1_13' title="bbox 1101 1425 1908 1706">
     <span class='ocr_line' id='line_1_46' title="bbox 1135 1425 1908 1500; baseline -0.009 -12"><span class='ocrx_word' id='word_1_285' title='bbox 1135 1427 1153 1488; x_wconf 89' lang='lat'>8</span> <span class='ocrx_word' id='word_1_286' title='bbox 1173 1427 1254 1500; x_wconf 72' lang='lat' dir='ltr'>⁰Irnp.</span> <span class='ocrx_word' id='word_1_287' title='bbox 1273 1427 1420 1500; x_wconf 72' lang='lat' dir='ltr'>Philippus</span> <span class='ocrx_word' id='word_1_288' title='bbox 1436 1431 1467 1484; x_wconf 85' lang='lat' dir='ltr'><em>A.</em></span> <span class='ocrx_word' id='word_1_289' title='bbox 1487 1427 1583 1484; x_wconf 83' lang='lat' dir='ltr'>Iuliae.</span> <span class='ocrx_word' id='word_1_290' title='bbox 1618 1427 1664 1482; x_wconf 91' lang='lat' dir='ltr'>Ius</span> <span class='ocrx_word' id='word_1_291' title='bbox 1682 1425 1851 1480; x_wconf 84' lang='lat' dir='ltr'>familiarium</span> <span class='ocrx_word' id='word_1_292' title='bbox 1868 1441 1908 1482; x_wconf 92' lang='lat' dir='ltr'>se·</span> 
     </span>
     <span class='ocr_line' id='line_1_47' title="bbox 1101 1495 1908 1566; baseline -0.005 -14"><span class='ocrx_word' id='word_1_293' title='bbox 1101 1497 1273 1566; x_wconf 86' lang='lat' dir='ltr'>pulchrorum</span> <span class='ocrx_word' id='word_1_294' title='bbox 1296 1497 1331 1550; x_wconf 93' lang='lat' dir='ltr'>ad</span> <span class='ocrx_word' id='word_1_295' title='bbox 1354 1497 1455 1552; x_wconf 88' lang='lat' dir='ltr'>adfines</span> <span class='ocrx_word' id='word_1_296' title='bbox 1480 1513 1527 1552; x_wconf 92' lang='lat' dir='ltr'>seu</span> <span class='ocrx_word' id='word_1_297' title='bbox 1549 1495 1685 1566; x_wconf 78' lang='lat' dir='ltr'>proximos</span> <span class='ocrx_word' id='word_1_298' title='bbox 1710 1497 1836 1562; x_wconf 87' lang='lat' dir='ltr'>cognatos</span> <span class='ocrx_word' id='word_1_299' title='bbox 1853 1509 1908 1548; x_wconf 92' lang='lat' dir='ltr'>non</span> 
     </span>
     <span class='ocr_line' id='line_1_48' title="bbox 1101 1559 1907 1634; baseline -0.004 -14"><span class='ocrx_word' id='word_1_300' title='bbox 1101 1565 1212 1622; x_wconf 90' lang='lat' dir='ltr'>heredes</span> <span class='ocrx_word' id='word_1_301' title='bbox 1230 1565 1390 1620; x_wconf 87' lang='lat' dir='ltr'>constitutos</span> <span class='ocrx_word' id='word_1_302' title='bbox 1408 1565 1515 1620; x_wconf 89' lang='lat' dir='ltr'>minime</span> <span class='ocrx_word' id='word_1_303' title='bbox 1532 1565 1655 1634; x_wconf 89' lang='lat' dir='ltr'>pertinet.</span> <span class='ocrx_word' id='word_1_304' title='bbox 1682 1559 1907 1618; x_wconf 75' lang='lat' dir='ltr'>PP.xr1ic.Inl.</span> 
     </span>
     <span class='ocr_line' id='line_1_49' title="bbox 1101 1633 1908 1706; baseline -0.002 -18"><span class='ocrx_word' id='word_1_305' title='bbox 1101 1633 1251 1706; x_wconf 69' lang='lat' dir='ltr'>Peregrina</span> <span class='ocrx_word' id='word_1_306' title='bbox 1270 1639 1298 1690; x_wconf 86' lang='lat' dir='ltr'>at</span> <span class='ocrx_word' id='word_1_307' title='bbox 1313 1633 1464 1704; x_wconf 81' lang='lat' dir='ltr'>Aemiliano</span> <span class='ocrx_word' id='word_1_308' title='bbox 1484 1651 1569 1690; x_wconf 87' lang='lat' dir='ltr'>conss.</span> <span class='ocrx_word' id='word_1_309' title='bbox 1797 1635 1830 1694; x_wconf 91' lang='grc' dir='ltr'>[α.</span> <span class='ocrx_word' id='word_1_310' title='bbox 1850 1633 1908 1696; x_wconf 82' lang='grc'>244]</span> 
     </span>
    </p>

    <p class='ocr_par' dir='ltr' id='par_1_14' title="bbox 1101 1697 1910 2445">
     <span class='ocr_line' id='line_1_50' title="bbox 1135 1697 1908 1774; baseline -0.012 -14"><span class='ocrx_word' id='word_1_311' title='bbox 1135 1699 1154 1760; x_wconf 90' lang='grc'>9</span> <span class='ocrx_word' id='word_1_312' title='bbox 1181 1701 1257 1756; x_wconf 81' lang='lat' dir='ltr'>idern</span> <span class='ocrx_word' id='word_1_313' title='bbox 1282 1703 1312 1756; x_wconf 92' lang='lat' dir='ltr'>A.</span> <span class='ocrx_word' id='word_1_314' title='bbox 1340 1707 1369 1756; x_wconf 83' lang='lat' dir='ltr'>ot</span> <span class='ocrx_word' id='word_1_315' title='bbox 1392 1699 1539 1774; x_wconf 67' lang='lat' dir='ltr'>Philippus</span> <span class='ocrx_word' id='word_1_316' title='bbox 1562 1701 1587 1756; x_wconf 79' lang='lat'><em>0.</em></span> <span class='ocrx_word' id='word_1_317' title='bbox 1610 1699 1765 1754; x_wconf 81' lang='lat' dir='ltr'>Faustinae.</span> <span class='ocrx_word' id='word_1_318' title='bbox 1806 1697 1908 1752; x_wconf 85' lang='lat' dir='ltr'>Locum</span> 
     </span>
     <span class='ocr_line' id='line_1_51' title="bbox 1102 1765 1908 1840; baseline -0.005 -16"><span class='ocrx_word' id='word_1_319' title='bbox 1102 1769 1208 1840; x_wconf 86' lang='lat' dir='ltr'>quidem</span> <span class='ocrx_word' id='word_1_320' title='bbox 1234 1769 1386 1838; x_wconf 88' lang='lat' dir='ltr'>religiosum</span> <span class='ocrx_word' id='word_1_321' title='bbox 1412 1767 1524 1824; x_wconf 85' lang='lat' dir='ltr'>distrahi</span> <span class='ocrx_word' id='word_1_322' title='bbox 1553 1785 1608 1824; x_wconf 91' lang='lat' dir='ltr'>non</span> <span class='ocrx_word' id='word_1_323' title='bbox 1632 1783 1713 1838; x_wconf 89' lang='lat' dir='ltr'>posse</span> <span class='ocrx_word' id='word_1_324' title='bbox 1742 1765 1908 1820; x_wconf 88' lang='lat' dir='ltr'>manifestum</span> 
     </span>
     <span class='ocr_line' id='line_1_52' title="bbox 1101 1835 1908 1906; baseline -0.005 -14"><span class='ocrx_word' id='word_1_325' title='bbox 1101 1841 1149 1892; x_wconf 89' lang='grc'>444.</span> <span class='ocrx_word' id='word_1_326' title='bbox 1184 1853 1275 1892; x_wconf 89' lang='lat' dir='ltr'>verum</span> <span class='ocrx_word' id='word_1_327' title='bbox 1297 1853 1388 1906; x_wconf 88' lang='lat' dir='ltr'>agrum</span> <span class='ocrx_word' id='word_1_328' title='bbox 1412 1853 1507 1904; x_wconf 90' lang='lat' dir='ltr'>purum</span> <span class='ocrx_word' id='word_1_329' title='bbox 1532 1839 1701 1892; x_wconf 89' lang='lat' dir='ltr'>monumento</span> <span class='ocrx_word' id='word_1_330' title='bbox 1724 1835 1908 1890; x_wconf 86' lang='lat' dir='ltr'>cohaerentem</span> 
     </span>
     <span class='ocr_line' id='line_1_53' title="bbox 1101 1903 1908 1976; baseline 0 -18"><span class='ocrx_word' id='word_1_331' title='bbox 1101 1905 1208 1976; x_wconf 85' lang='lat' dir='ltr'>profani</span> <span class='ocrx_word' id='word_1_332' title='bbox 1229 1905 1295 1962; x_wconf 89' lang='lat' dir='ltr'>iuris</span> <span class='ocrx_word' id='word_1_333' title='bbox 1319 1921 1377 1962; x_wconf 89' lang='lat' dir='ltr'>esse</span> <span class='ocrx_word' id='word_1_334' title='bbox 1394 1905 1506 1974; x_wconf 85' lang='lat' dir='ltr'>ideoque</span> <span class='ocrx_word' id='word_1_335' title='bbox 1523 1905 1669 1960; x_wconf 88' lang='lat' dir='ltr'>efficaciter</span> <span class='ocrx_word' id='word_1_336' title='bbox 1686 1903 1839 1958; x_wconf 82' lang='lat' dir='ltr'>venumdari</span> <span class='ocrx_word' id='word_1_337' title='bbox 1856 1919 1908 1958; x_wconf 89' lang='lat' dir='ltr'>non</span> 
     </span>
     <span class='ocr_line' id='line_1_54' title="bbox 1102 1969 1908 2042; baseline -0.005 -14"><span class='ocrx_word' id='word_1_338' title='bbox 1102 1979 1143 2028; x_wconf 88' lang='lat' dir='ltr'>est</span> <span class='ocrx_word' id='word_1_339' title='bbox 1160 1973 1291 2042; x_wconf 84' lang='lat' dir='ltr'>opinionis</span> <span class='ocrx_word' id='word_1_340' title='bbox 1310 1975 1437 2028; x_wconf 84' lang='lat' dir='ltr'>incertae.</span> <span class='ocrx_word' id='word_1_341' title='bbox 1472 1971 1529 2028; x_wconf 89' lang='lat' dir='ltr'><em>PP.</em></span> <span class='ocrx_word' id='word_1_342' title='bbox 1553 1989 1583 2028; x_wconf 83' lang='lat' dir='ltr'>m</span> <span class='ocrx_word' id='word_1_343' title='bbox 1604 1971 1629 2026; x_wconf 85' lang='lat' dir='ltr'>ir.</span> <span class='ocrx_word' id='word_1_344' title='bbox 1649 1971 1711 2026; x_wconf 82' lang='lat' dir='ltr'>Dec.</span> <span class='ocrx_word' id='word_1_345' title='bbox 1730 1969 1859 2042; x_wconf 74' lang='lat' dir='ltr'>Philippo</span> <span class='ocrx_word' id='word_1_346' title='bbox 1877 1971 1908 2026; x_wconf 84' lang='lat' dir='ltr'><em>A.</em></span> 
     </span>
     <span class='ocr_line' id='line_1_55' title="bbox 1101 2041 1908 2104; baseline -0.005 -6"><span class='ocrx_word' id='word_1_347' title='bbox 1101 2049 1129 2098; x_wconf 84' lang='lat' dir='ltr'>el</span> <span class='ocrx_word' id='word_1_348' title='bbox 1145 2041 1253 2096; x_wconf 72' lang='lat' dir='ltr'>litiano</span> <span class='ocrx_word' id='word_1_349' title='bbox 1271 2059 1359 2098; x_wconf 83' lang='lat' dir='ltr'>consa</span> <span class='ocrx_word' id='word_1_350' title='bbox 1796 2043 1830 2104; x_wconf 86' lang='lat' dir='ltr'>[a.</span> <span class='ocrx_word' id='word_1_351' title='bbox 1850 2043 1908 2104; x_wconf 80' lang='grc'>244]</span> 
     </span>
     <span class='ocr_line' id='line_1_56' title="bbox 1136 2107 1908 2180; baseline -0.012 -12"><span class='ocrx_word' id='word_1_352' title='bbox 1136 2109 1176 2168; x_wconf 87' lang='grc'>10</span> <span class='ocrx_word' id='word_1_353' title='bbox 1194 2109 1236 2164; x_wconf 89' lang='lat' dir='ltr'>Im</span> <span class='ocrx_word' id='word_1_354' title='bbox 1252 2127 1283 2180; x_wconf 81' lang='lat' dir='ltr'>p.</span> <span class='ocrx_word' id='word_1_355' title='bbox 1301 2109 1491 2166; x_wconf 83' lang='lat' dir='ltr'>Diocletianus</span> <span class='ocrx_word' id='word_1_356' title='bbox 1507 2115 1534 2166; x_wconf 83' lang='lat' dir='ltr'>et</span> <span class='ocrx_word' id='word_1_357' title='bbox 1549 2107 1737 2164; x_wconf 84' lang='lat' dir='ltr'>Mamimianns</span> <span class='ocrx_word' id='word_1_358' title='bbox 1754 2107 1809 2162; x_wconf 84' lang='lat' dir='ltr'><em>AA.</em></span> <span class='ocrx_word' id='word_1_359' title='bbox 1826 2107 1908 2178; x_wconf 84' lang='lat' dir='ltr'>Aqui·</span> 
     </span>
     <span class='ocr_line' id='line_1_57' title="bbox 1103 2127 1908 2258; baseline -0.007 -26"><span class='ocrx_word' id='word_1_360' title='bbox 1103 2179 1181 2232; x_wconf 86' lang='lat' dir='ltr'>linae.</span> <span class='ocrx_word' id='word_1_361' title='bbox 1217 2127 1381 2232; x_wconf 62' lang='grc'>5114444444</span> <span class='ocrx_word' id='word_1_362' title='bbox 1396 2181 1548 2258; x_wconf 31' lang='lat' dir='ltr'>‘perpetuae</span> <span class='ocrx_word' id='word_1_363' title='bbox 1567 2177 1720 2246; x_wconf 87' lang='lat' dir='ltr'>sepulturae</span> <span class='ocrx_word' id='word_1_364' title='bbox 1739 2191 1836 2256; x_wconf 80' lang='lat' dir='ltr'>corpus</span> <span class='ocrx_word' id='word_1_365' title='bbox 1853 2181 1908 2256; x_wconf 73' lang='lat' dir='ltr'>tra·</span> 
     </span>
     <span class='ocr_line' id='line_1_58' title="bbox 1102 2241 1908 2314; baseline -0.001 -15"><span class='ocrx_word' id='word_1_366' title='bbox 1102 2247 1185 2300; x_wconf 86' lang='lat' dir='ltr'>ditum</span> <span class='ocrx_word' id='word_1_367' title='bbox 1203 2249 1256 2310; x_wconf 89' lang='grc'>444,</span> <span class='ocrx_word' id='word_1_368' title='bbox 1280 2247 1482 2300; x_wconf 84' lang='lat' dir='ltr'>translauonem</span> <span class='ocrx_word' id='word_1_369' title='bbox 1499 2247 1555 2300; x_wconf 89' lang='lat' dir='ltr'>eius</span> <span class='ocrx_word' id='word_1_370' title='bbox 1574 2245 1662 2300; x_wconf 88' lang='lat' dir='ltr'>facere</span> <span class='ocrx_word' id='word_1_371' title='bbox 1679 2261 1734 2300; x_wconf 90' lang='grc'>444</span> <span class='ocrx_word' id='word_1_372' title='bbox 1750 2241 1908 2314; x_wconf 79' lang='lat' dir='ltr'>prohibens.</span> 
     </span>
     <span class='ocr_line' id='line_1_59' title="bbox 1101 2311 1910 2370; baseline -0.006 -2"><span class='ocrx_word' id='word_1_373' title='bbox 1101 2313 1157 2368; x_wconf 89' lang='lat' dir='ltr'><em>PP.</em></span> <span class='ocrx_word' id='word_1_374' title='bbox 1181 2327 1239 2368; x_wconf 75' lang='grc'>444</span> <span class='ocrx_word' id='word_1_375' title='bbox 1259 2313 1294 2368; x_wconf 86' lang='lat' dir='ltr'>id.</span> <span class='ocrx_word' id='word_1_376' title='bbox 1318 2313 1395 2370; x_wconf 79' lang='lat' dir='ltr'>ileo.⁷</span> <span class='ocrx_word' id='word_1_377' title='bbox 1417 2313 1699 2370; x_wconf 72' lang='lat' dir='ltr'>diocletianorum</span> <span class='ocrx_word' id='word_1_378' title='bbox 1721 2311 1910 2368; x_wconf 71' lang='lat' dir='ltr'>Maorlmtano⁸</span> 
     </span>
     <span class='ocr_line' id='line_1_60' title="bbox 1101 2383 1908 2445; baseline -0.004 -8"><span class='ocrx_word' id='word_1_379' title='bbox 1101 2383 1156 2438; x_wconf 81' lang='lat' dir='ltr'><em>AA.</em></span> <span class='ocrx_word' id='word_1_380' title='bbox 1176 2397 1262 2436; x_wconf 81' lang='lat' dir='ltr'>consa</span> <span class='ocrx_word' id='word_1_381' title='bbox 1796 2384 1830 2445; x_wconf 88' lang='lat' dir='ltr'>[a.</span> <span class='ocrx_word' id='word_1_382' title='bbox 1849 2383 1908 2444; x_wconf 76' lang='lat'><strong>287]</strong></span> 
     </span>
    </p>

    <p class='ocr_par' dir='ltr' id='par_1_15' title="bbox 1101 2445 1908 2658">
     <span class='ocr_line' id='line_1_61' title="bbox 1136 2445 1908 2508; baseline -0.005 0"><span class='ocrx_word' id='word_1_383' title='bbox 1136 2447 1172 2508; x_wconf 94' lang='grc'>11</span> <span class='ocrx_word' id='word_1_384' title='bbox 1190 2449 1278 2504; x_wconf 65' lang='lat' dir='ltr'>‘iidem</span> <span class='ocrx_word' id='word_1_385' title='bbox 1287 2451 1343 2504; x_wconf 85' lang='lat' dir='ltr'><em>AA.</em></span> <span class='ocrx_word' id='word_1_386' title='bbox 1355 2445 1513 2506; x_wconf 77' lang='lat' dir='ltr'>Gaudentio.</span> <span class='ocrx_word' id='word_1_387' title='bbox 1538 2449 1673 2504; x_wconf 84' lang='lat' dir='ltr'>Obnoxios</span> <span class='ocrx_word' id='word_1_388' title='bbox 1685 2445 1856 2504; x_wconf 82' lang='lat' dir='ltr'>criminandi</span> <span class='ocrx_word' id='word_1_389' title='bbox 1874 2463 1908 2504; x_wconf 90' lang='lat' dir='ltr'>no</span> 
     </span>
     <span class='ocr_line' id='line_1_62' title="bbox 1101 2515 1908 2590; baseline -0.005 -16"><span class='ocrx_word' id='word_1_390' title='bbox 1101 2517 1231 2588; x_wconf 89' lang='lat' dir='ltr'>supplicio</span> <span class='ocrx_word' id='word_1_391' title='bbox 1247 2517 1382 2590; x_wconf 86' lang='lat' dir='ltr'>subiectos</span> <span class='ocrx_word' id='word_1_392' title='bbox 1397 2519 1550 2586; x_wconf 90' lang='lat' dir='ltr'>sepulturae</span> <span class='ocrx_word' id='word_1_393' title='bbox 1559 2517 1629 2572; x_wconf 87' lang='lat' dir='ltr'>tradi</span> <span class='ocrx_word' id='word_1_394' title='bbox 1637 2533 1692 2572; x_wconf 89' lang='lat' dir='ltr'>non</span> <span class='ocrx_word' id='word_1_395' title='bbox 1701 2523 1828 2572; x_wconf 82' lang='lat' dir='ltr'>vetamus.</span> <span class='ocrx_word' id='word_1_396' title='bbox 1877 2515 1908 2572; x_wconf 89' lang='lat' dir='ltr'>P.</span> 
     </span>
     <span class='ocr_line' id='line_1_63' title="bbox 1105 2585 1908 2658; baseline -0.002 -18"><span class='ocrx_word' id='word_1_397' title='bbox 1105 2601 1162 2640; x_wconf 78' lang='lat' dir='ltr'>rm</span> <span class='ocrx_word' id='word_1_398' title='bbox 1178 2585 1213 2640; x_wconf 85' lang='lat' dir='ltr'>id.</span> <span class='ocrx_word' id='word_1_399' title='bbox 1232 2585 1319 2658; x_wconf 83' lang='lat' dir='ltr'>April.</span> <span class='ocrx_word' id='word_1_400' title='bbox 1337 2587 1347 2640; x_wconf 89' lang='lat' dir='ltr'>i</span> <span class='ocrx_word' id='word_1_401' title='bbox 1367 2585 1405 2640; x_wconf 82' lang='lat' dir='ltr'>sis</span> <span class='ocrx_word' id='word_1_402' title='bbox 1423 2601 1479 2640; x_wconf 76' lang='grc'>444</span> <span class='ocrx_word' id='word_1_403' title='bbox 1493 2591 1520 2642; x_wconf 88' lang='lat' dir='ltr'>ot</span> <span class='ocrx_word' id='word_1_404' title='bbox 1536 2601 1578 2640; x_wconf 81' lang='lat'>111</span> <span class='ocrx_word' id='word_1_405' title='bbox 1594 2585 1649 2640; x_wconf 87' lang='lat' dir='ltr'><em>AA.</em></span> <span class='ocrx_word' id='word_1_406' title='bbox 1668 2601 1755 2640; x_wconf 84' lang='lat' dir='ltr'>conss.</span> <span class='ocrx_word' id='word_1_407' title='bbox 1796 2589 1830 2650; x_wconf 88' lang='grc' dir='ltr'>[α.</span> <span class='ocrx_word' id='word_1_408' title='bbox 1849 2585 1908 2650; x_wconf 85' lang='grc'>230]</span> 
     </span>
    </p>

    <p class='ocr_par' dir='ltr' id='par_1_16' title="bbox 1100 2603 1908 2790">
     <span class='ocr_line' id='line_1_64' title="bbox 1135 2603 1908 2734; baseline -0.009 -22"><span class='ocrx_word' id='word_1_409' title='bbox 1135 2653 1174 2712; x_wconf 81' lang='grc'>12</span> <span class='ocrx_word' id='word_1_410' title='bbox 1202 2651 1278 2710; x_wconf 85' lang='lat' dir='ltr'>Idam</span> <span class='ocrx_word' id='word_1_411' title='bbox 1303 2603 1365 2734; x_wconf 59' lang='lat' dir='ltr'>Mo</span> <span class='ocrx_word' id='word_1_412' title='bbox 1394 2653 1542 2708; x_wconf 80' lang='lat' dir='ltr'>Victorino.</span> <span class='ocrx_word' id='word_1_413' title='bbox 1583 2653 1753 2734; x_wconf 80' lang='lat' dir='ltr'>Morinorum</span> <span class='ocrx_word' id='word_1_414' title='bbox 1775 2651 1908 2732; x_wconf 78' lang='lat' dir='ltr'>reliquias,</span> 
     </span>
     <span class='ocr_line' id='line_1_65' title="bbox 1100 2721 1908 2790; baseline 0 -14"><span class='ocrx_word' id='word_1_415' title='bbox 1100 2737 1133 2776; x_wconf 88' lang='lat' dir='ltr'>ne</span> <span class='ocrx_word' id='word_1_416' title='bbox 1151 2727 1273 2778; x_wconf 90' lang='lat' dir='ltr'>sanctum</span> <span class='ocrx_word' id='word_1_417' title='bbox 1290 2721 1494 2790; x_wconf 79' lang='lat' dir='ltr'>municipiorum</span> <span class='ocrx_word' id='word_1_418' title='bbox 1510 2721 1553 2778; x_wconf 92' lang='lat' dir='ltr'>ius</span> <span class='ocrx_word' id='word_1_419' title='bbox 1571 2721 1713 2790; x_wconf 89' lang='lat' dir='ltr'>polluatur,</span> <span class='ocrx_word' id='word_1_420' title='bbox 1730 2727 1802 2776; x_wconf 85' lang='lat' dir='ltr'>rutra</span> <span class='ocrx_word' id='word_1_421' title='bbox 1817 2725 1908 2776; x_wconf 82' lang='lat' dir='ltr'>cruta·</span> 
     </span>
    </p>
   </div>
   <div class='ocr_carea' id='block_1_9' title="bbox 219 2787 1909 3875">
    <p class='ocr_par' dir='ltr' id='par_1_17' title="bbox 219 2787 1909 3875">
     <span class='ocr_line' id='line_1_66' title="bbox 219 2787 1908 2860; baseline -0.002 -13"><span class='ocrx_word' id='word_1_422' title='bbox 219 2841 221 2848; x_wconf 83' lang='lat'><em>.</em></span> <span class='ocrx_word' id='word_1_423' title='bbox 245 2793 285 2844; x_wconf 91' lang='lat' dir='ltr'>ius</span> <span class='ocrx_word' id='word_1_424' title='bbox 310 2789 366 2844; x_wconf 90' lang='lat' dir='ltr'>eius</span> <span class='ocrx_word' id='word_1_425' title='bbox 390 2789 424 2844; x_wconf 93' lang='lat' dir='ltr'>ad</span> <span class='ocrx_word' id='word_1_426' title='bbox 446 2805 537 2844; x_wconf 87' lang='lat' dir='ltr'>omnes</span> <span class='ocrx_word' id='word_1_427' title='bbox 559 2789 670 2844; x_wconf 89' lang='lat' dir='ltr'>heredes</span> <span class='ocrx_word' id='word_1_428' title='bbox 692 2791 825 2860; x_wconf 86' lang='lat' dir='ltr'>pertinere</span> <span class='ocrx_word' id='word_1_429' title='bbox 849 2805 899 2844; x_wconf 89' lang='lat' dir='ltr'>nec</span> <span class='ocrx_word' id='word_1_430' title='bbox 925 2789 1051 2846; x_wconf 80' lang='lat' dir='ltr'>diuisione</span> <span class='ocrx_word' id='word_1_431' title='bbox 1099 2793 1153 2844; x_wconf 88' lang='lat' dir='ltr'>tem</span> <span class='ocrx_word' id='word_1_432' title='bbox 1172 2789 1250 2846; x_wconf 88' lang='lat' dir='ltr'>condi</span> <span class='ocrx_word' id='word_1_433' title='bbox 1267 2789 1320 2844; x_wconf 82' lang='lat' dir='ltr'>ianr</span> <span class='ocrx_word' id='word_1_434' title='bbox 1337 2791 1439 2858; x_wconf 85' lang='lat' dir='ltr'>pridem</span> <span class='ocrx_word' id='word_1_435' title='bbox 1456 2791 1566 2846; x_wconf 85' lang='lat' dir='ltr'>vetitum</span> <span class='ocrx_word' id='word_1_436' title='bbox 1583 2793 1632 2844; x_wconf 89' lang='lat' dir='ltr'>est.</span> <span class='ocrx_word' id='word_1_437' title='bbox 1668 2787 1724 2844; x_wconf 91' lang='lat' dir='ltr'><em>PP.</em></span> <span class='ocrx_word' id='word_1_438' title='bbox 1743 2803 1785 2842; x_wconf 81' lang='lat' dir='ltr'>rm</span> <span class='ocrx_word' id='word_1_439' title='bbox 1805 2787 1831 2842; x_wconf 86' lang='lat' dir='ltr'>la</span> <span class='ocrx_word' id='word_1_440' title='bbox 1853 2787 1908 2844; x_wconf 86' lang='lat' dir='ltr'>Oct.</span> 
     </span>
     <span class='ocr_line' id='line_1_67' title="bbox 248 2857 1908 2930; baseline -0.001 -18"><span class='ocrx_word' id='word_1_441' title='bbox 248 2865 258 2912; x_wconf 87' lang='lat' dir='ltr'>t</span> <span class='ocrx_word' id='word_1_442' title='bbox 295 2859 329 2912; x_wconf 92' lang='lat' dir='ltr'>ad</span> <span class='ocrx_word' id='word_1_443' title='bbox 350 2873 433 2912; x_wconf 90' lang='lat' dir='ltr'>unum</span> <span class='ocrx_word' id='word_1_444' title='bbox 456 2857 580 2912; x_wconf 89' lang='lat' dir='ltr'>heredem</span> <span class='ocrx_word' id='word_1_445' title='bbox 603 2859 686 2928; x_wconf 81' lang='lat' dir='ltr'>redigi</span> <span class='ocrx_word' id='word_1_446' title='bbox 707 2859 836 2928; x_wconf 89' lang='lat' dir='ltr'>potuisse.</span> <span class='ocrx_word' id='word_1_447' title='bbox 871 2857 989 2912; x_wconf 84' lang='lat' dir='ltr'>Profana</span> <span class='ocrx_word' id='word_1_448' title='bbox 1009 2863 1050 2912; x_wconf 84' lang='lat' dir='ltr'>ta·</span> <span class='ocrx_word' id='word_1_449' title='bbox 1099 2859 1167 2930; x_wconf 82' lang='lat' dir='ltr'>ipsis</span> <span class='ocrx_word' id='word_1_450' title='bbox 1184 2873 1240 2912; x_wconf 79' lang='lat'><em>[111</em></span> <span class='ocrx_word' id='word_1_451' title='bbox 1256 2865 1284 2912; x_wconf 84' lang='lat' dir='ltr'>at</span> <span class='ocrx_word' id='word_1_452' title='bbox 1299 2871 1341 2912; x_wconf 80' lang='lat'>111</span> <span class='ocrx_word' id='word_1_453' title='bbox 1355 2857 1411 2912; x_wconf 87' lang='lat' dir='ltr'><em>AA.</em></span> <span class='ocrx_word' id='word_1_454' title='bbox 1431 2873 1518 2914; x_wconf 77' lang='lat' dir='ltr'>corase.</span> <span class='ocrx_word' id='word_1_455' title='bbox 1796 2861 1830 2922; x_wconf 90' lang='lat' dir='ltr'>[a.</span> <span class='ocrx_word' id='word_1_456' title='bbox 1850 2859 1908 2922; x_wconf 85' lang='grc'>290]</span> 
     </span>
     <span class='ocr_line' id='line_1_68' title="bbox 244 2923 1908 2998; baseline -0.001 -18"><span class='ocrx_word' id='word_1_457' title='bbox 244 2941 304 2980; x_wconf 91' lang='lat' dir='ltr'>men</span> <span class='ocrx_word' id='word_1_458' title='bbox 320 2927 387 2992; x_wconf 90' lang='lat' dir='ltr'>loca,</span> <span class='ocrx_word' id='word_1_459' title='bbox 407 2941 474 2994; x_wconf 84' lang='lat' dir='ltr'>quae</span> <span class='ocrx_word' id='word_1_460' title='bbox 492 2925 564 2980; x_wconf 86' lang='lat' dir='ltr'>circa</span> <span class='ocrx_word' id='word_1_461' title='bbox 580 2925 607 2978; x_wconf 93' lang='lat' dir='ltr'>id</span> <span class='ocrx_word' id='word_1_462' title='bbox 626 2931 696 2994; x_wconf 88' lang='lat' dir='ltr'>suut,</span> <span class='ocrx_word' id='word_1_463' title='bbox 714 2925 736 2982; x_wconf 91' lang='lat' dir='ltr'>si</span> <span class='ocrx_word' id='word_1_464' title='bbox 755 2925 962 2994; x_wconf 80' lang='lat' dir='ltr'>sempersicinis</span> <span class='ocrx_word' id='word_1_465' title='bbox 977 2925 1049 2980; x_wconf 89' lang='lat' dir='ltr'>aedi·</span> <span class='ocrx_word' id='word_1_466' title='bbox 1133 2923 1173 2984; x_wconf 84' lang='lat'>13</span> <span class='ocrx_word' id='word_1_467' title='bbox 1192 2925 1268 2982; x_wconf 81' lang='lat' dir='ltr'>idam</span> <span class='ocrx_word' id='word_1_468' title='bbox 1280 2925 1337 2980; x_wconf 88' lang='lat' dir='ltr'><em>AA.</em></span> <span class='ocrx_word' id='word_1_469' title='bbox 1355 2933 1382 2982; x_wconf 87' lang='lat' dir='ltr'>ct</span> <span class='ocrx_word' id='word_1_470' title='bbox 1398 2925 1445 2982; x_wconf 80' lang='lat'>00.</span> <span class='ocrx_word' id='word_1_471' title='bbox 1458 2925 1600 2998; x_wconf 77' lang='lat' dir='ltr'>Dionysio.</span> <span class='ocrx_word' id='word_1_472' title='bbox 1635 2925 1681 2980; x_wconf 90' lang='lat' dir='ltr'>Ius</span> <span class='ocrx_word' id='word_1_473' title='bbox 1700 2923 1836 2994; x_wconf 84' lang='lat' dir='ltr'>sepulchri</span> <span class='ocrx_word' id='word_1_474' title='bbox 1853 2929 1908 2978; x_wconf 90' lang='lat' dir='ltr'>tam</span> 
     </span>
     <span class='ocr_line' id='line_1_69' title="bbox 244 2993 1908 3062; baseline 0 -14"><span class='ocrx_word' id='word_1_475' title='bbox 244 2993 309 3048; x_wconf 89' lang='lat' dir='ltr'>ficiis</span> <span class='ocrx_word' id='word_1_476' title='bbox 326 2993 388 3048; x_wconf 93' lang='lat' dir='ltr'>usui</span> <span class='ocrx_word' id='word_1_477' title='bbox 406 2993 541 3048; x_wconf 90' lang='lat' dir='ltr'>hominum</span> <span class='ocrx_word' id='word_1_478' title='bbox 563 2993 702 3050; x_wconf 86' lang='lat' dir='ltr'>destinatis</span> <span class='ocrx_word' id='word_1_479' title='bbox 726 2999 877 3060; x_wconf 86' lang='lat' dir='ltr'>cessarunt,</span> <span class='ocrx_word' id='word_1_480' title='bbox 901 2995 957 3048; x_wconf 88' lang='lat' dir='ltr'>eius</span> <span class='ocrx_word' id='word_1_481' title='bbox 979 2999 1049 3060; x_wconf 87' lang='lat' dir='ltr'>suut,</span> <span class='ocrx_word' id='word_1_482' title='bbox 1098 2993 1253 3050; x_wconf 89' lang='lat' dir='ltr'>hereditarii</span> <span class='ocrx_word' id='word_1_483' title='bbox 1277 3009 1355 3062; x_wconf 85' lang='lat' dir='ltr'>quarn</span> <span class='ocrx_word' id='word_1_484' title='bbox 1378 2993 1515 3048; x_wconf 88' lang='lat' dir='ltr'>familiaris</span> <span class='ocrx_word' id='word_1_485' title='bbox 1540 2993 1575 3048; x_wconf 92' lang='lat' dir='ltr'>ad</span> <span class='ocrx_word' id='word_1_486' title='bbox 1598 2997 1737 3048; x_wconf 85' lang='lat' dir='ltr'>extraneos</span> <span class='ocrx_word' id='word_1_487' title='bbox 1760 2993 1839 3048; x_wconf 89' lang='lat' dir='ltr'>etiam</span> <span class='ocrx_word' id='word_1_488' title='bbox 1862 2993 1908 3048; x_wconf 87' lang='lat' dir='ltr'>be·</span> 
     </span>
     <span class='ocr_line' id='line_1_70' title="bbox 245 3061 1908 3132; baseline -0.002 -14"><span class='ocrx_word' id='word_1_489' title='bbox 245 3063 289 3118; x_wconf 91' lang='lat' dir='ltr'>cui</span> <span class='ocrx_word' id='word_1_490' title='bbox 304 3063 358 3128; x_wconf 93' lang='lat' dir='ltr'>illa,</span> <span class='ocrx_word' id='word_1_491' title='bbox 377 3079 489 3130; x_wconf 85' lang='lat' dir='ltr'>quorum</span> <span class='ocrx_word' id='word_1_492' title='bbox 506 3063 597 3132; x_wconf 87' lang='lat' dir='ltr'>partes</span> <span class='ocrx_word' id='word_1_493' title='bbox 615 3077 675 3120; x_wconf 87' lang='lat' dir='ltr'>esse</span> <span class='ocrx_word' id='word_1_494' title='bbox 692 3063 764 3118; x_wconf 82' lang='lat' dir='ltr'>uisae</span> <span class='ocrx_word' id='word_1_495' title='bbox 781 3067 851 3132; x_wconf 86' lang='grc'>4444,</span> <span class='ocrx_word' id='word_1_496' title='bbox 873 3077 906 3116; x_wconf 79' lang='lat' dir='ltr'>er</span> <span class='ocrx_word' id='word_1_497' title='bbox 923 3063 1050 3118; x_wconf 87' lang='lat' dir='ltr'>divisione</span> <span class='ocrx_word' id='word_1_498' title='bbox 1098 3063 1184 3130; x_wconf 89' lang='lat' dir='ltr'>redes,</span> <span class='ocrx_word' id='word_1_499' title='bbox 1202 3063 1338 3116; x_wconf 87' lang='lat' dir='ltr'>familiaris</span> <span class='ocrx_word' id='word_1_500' title='bbox 1358 3063 1476 3118; x_wconf 87' lang='lat' dir='ltr'>autem¹⁰</span> <span class='ocrx_word' id='word_1_501' title='bbox 1493 3063 1527 3116; x_wconf 92' lang='lat' dir='ltr'>ad</span> <span class='ocrx_word' id='word_1_502' title='bbox 1544 3063 1680 3126; x_wconf 87' lang='lat' dir='ltr'>familiam,</span> <span class='ocrx_word' id='word_1_503' title='bbox 1705 3061 1832 3116; x_wconf 83' lang='lat' dir='ltr'>etiamsi</span> <span class='ocrx_word' id='word_1_504' title='bbox 1849 3063 1908 3116; x_wconf 91' lang='lat' dir='ltr'>nul-</span> 
     </span>
     <span class='ocr_line' id='line_1_71' title="bbox 245 3129 1909 3198; baseline -0.002 -12"><span class='ocrx_word' id='word_1_505' title='bbox 245 3129 403 3198; x_wconf 88' lang='lat' dir='ltr'>obtigerunt.</span> <span class='ocrx_word' id='word_1_506' title='bbox 438 3129 494 3184; x_wconf 91' lang='lat' dir='ltr'><em>PP.</em></span> <span class='ocrx_word' id='word_1_507' title='bbox 510 3145 613 3184; x_wconf 74' lang='lat' dir='ltr'>sinon.</span> <span class='ocrx_word' id='word_1_508' title='bbox 625 3131 693 3186; x_wconf 86' lang='lat' dir='ltr'>Nou.</span> <span class='ocrx_word' id='word_1_509' title='bbox 708 3129 834 3186; x_wconf 81' lang='lat' dir='ltr'>Maximo</span> <span class='ocrx_word' id='word_1_510' title='bbox 850 3145 878 3184; x_wconf 80' lang='lat'>11</span> <span class='ocrx_word' id='word_1_511' title='bbox 893 3135 921 3186; x_wconf 86' lang='lat' dir='ltr'>ct</span> <span class='ocrx_word' id='word_1_512' title='bbox 933 3129 1049 3186; x_wconf 84' lang='lat' dir='ltr'>Aeliano</span> <span class='ocrx_word' id='word_1_513' title='bbox 1098 3131 1139 3186; x_wconf 91' lang='lat' dir='ltr'>las</span> <span class='ocrx_word' id='word_1_514' title='bbox 1158 3147 1240 3186; x_wconf 77' lang='lat' dir='ltr'>enea</span> <span class='ocrx_word' id='word_1_515' title='bbox 1256 3129 1333 3186; x_wconf 88' lang='lat' dir='ltr'>heres</span> <span class='ocrx_word' id='word_1_516' title='bbox 1352 3131 1400 3196; x_wconf 90' lang='lat' dir='ltr'>sit,</span> <span class='ocrx_word' id='word_1_517' title='bbox 1423 3147 1477 3186; x_wconf 90' lang='lat' dir='ltr'>nou</span> <span class='ocrx_word' id='word_1_518' title='bbox 1500 3131 1581 3186; x_wconf 90' lang='lat' dir='ltr'>etiam</span> <span class='ocrx_word' id='word_1_519' title='bbox 1601 3129 1636 3184; x_wconf 91' lang='lat' dir='ltr'>ad</span> <span class='ocrx_word' id='word_1_520' title='bbox 1653 3129 1735 3184; x_wconf 86' lang='lat' dir='ltr'>aliurn</span> <span class='ocrx_word' id='word_1_521' title='bbox 1753 3145 1829 3198; x_wconf 86' lang='lat' dir='ltr'>quem</span> <span class='ocrx_word' id='word_1_522' title='bbox 1847 3143 1909 3184; x_wconf 90' lang='lat' dir='ltr'>uam</span> 
     </span>
     <span class='ocr_line' id='line_1_72' title="bbox 245 3195 1906 3270; baseline 0 -18"><span class='ocrx_word' id='word_1_523' title='bbox 245 3215 331 3268; x_wconf 83' lang='lat' dir='ltr'>conss.</span> <span class='ocrx_word' id='word_1_524' title='bbox 777 3239 778 3242; x_wconf 63' lang='lat'>,</span> <span class='ocrx_word' id='word_1_525' title='bbox 936 3201 1048 3264; x_wconf 86' lang='grc'>[4223]</span> <span class='ocrx_word' id='word_1_526' title='bbox 1100 3199 1144 3270; x_wconf 87' lang='lat' dir='ltr'>qui</span> <span class='ocrx_word' id='word_1_527' title='bbox 1160 3215 1215 3254; x_wconf 90' lang='lat' dir='ltr'>non</span> <span class='ocrx_word' id='word_1_528' title='bbox 1232 3199 1308 3252; x_wconf 88' lang='lat' dir='ltr'>heres</span> <span class='ocrx_word' id='word_1_529' title='bbox 1328 3203 1368 3252; x_wconf 91' lang='lat' dir='ltr'>est</span> <span class='ocrx_word' id='word_1_530' title='bbox 1385 3201 1518 3268; x_wconf 89' lang='lat' dir='ltr'>pertinere</span> <span class='ocrx_word' id='word_1_531' title='bbox 1535 3203 1632 3268; x_wconf 89' lang='lat' dir='ltr'>potest.</span> <span class='ocrx_word' id='word_1_532' title='bbox 1673 3195 1701 3252; x_wconf 85' lang='lat' dir='ltr'><em>S.</em></span> <span class='ocrx_word' id='word_1_533' title='bbox 1721 3213 1763 3252; x_wconf 82' lang='lat' dir='ltr'>m</span> <span class='ocrx_word' id='word_1_534' title='bbox 1784 3197 1821 3252; x_wconf 84' lang='lat' dir='ltr'>id.</span> <span class='ocrx_word' id='word_1_535' title='bbox 1860 3195 1906 3254; x_wconf 80' lang='lat' dir='ltr'>bo.</span> 
     </span>
     <span class='ocr_line' id='line_1_73' title="bbox 277 3263 1906 3336; baseline -0.004 -12"><span class='ocrx_word' id='word_1_536' title='bbox 277 3263 295 3324; x_wconf 86' lang='lat'>5</span> <span class='ocrx_word' id='word_1_537' title='bbox 315 3263 538 3322; x_wconf 67' lang='lat' dir='ltr'>inaurando</span> <span class='ocrx_word' id='word_1_538' title='bbox 556 3265 643 3322; x_wconf 84' lang='lat' dir='ltr'>militi.</span> <span class='ocrx_word' id='word_1_539' title='bbox 668 3267 951 3332; x_wconf 76' lang='grc'>111144144414444444,</span> <span class='ocrx_word' id='word_1_540' title='bbox 969 3281 1049 3336; x_wconf 84' lang='lat' dir='ltr'>quam</span> <span class='ocrx_word' id='word_1_541' title='bbox 1100 3267 1183 3322; x_wconf 77' lang='lat' dir='ltr'>Sirmi</span> <span class='ocrx_word' id='word_1_542' title='bbox 1202 3265 1249 3324; x_wconf 79' lang='lat' dir='ltr'><em>CO.</em></span> <span class='ocrx_word' id='word_1_543' title='bbox 1268 3269 1379 3322; x_wconf 83' lang='lat' dir='ltr'>conra¹¹</span> <span class='ocrx_word' id='word_1_544' title='bbox 1795 3271 1828 3330; x_wconf 89' lang='lat' dir='ltr'>[a.</span> <span class='ocrx_word' id='word_1_545' title='bbox 1848 3267 1906 3332; x_wconf 83' lang='grc'>294]</span> 
     </span>
     <span class='ocr_line' id='line_1_74' title="bbox 245 3331 1908 3416; baseline -0.002 -26"><span class='ocrx_word' id='word_1_546' title='bbox 245 3335 315 3390; x_wconf 73' lang='lat' dir='ltr'>amca</span> <span class='ocrx_word' id='word_1_547' title='bbox 340 3339 538 3390; x_wconf 89' lang='lat' dir='ltr'>monumentum</span> <span class='ocrx_word' id='word_1_548' title='bbox 563 3333 614 3388; x_wconf 87' lang='lat' dir='ltr'>sibi</span> <span class='ocrx_word' id='word_1_549' title='bbox 639 3333 792 3390; x_wconf 84' lang='lat' dir='ltr'>iaciendum</span> <span class='ocrx_word' id='word_1_550' title='bbox 818 3339 977 3390; x_wconf 85' lang='lat' dir='ltr'>testamento</span> <span class='ocrx_word' id='word_1_551' title='bbox 1004 3351 1049 3390; x_wconf 80' lang='lat' dir='ltr'>ex·-</span> <span class='ocrx_word' id='word_1_552' title='bbox 1133 3331 1172 3392; x_wconf 89' lang='grc'>14</span> <span class='ocrx_word' id='word_1_553' title='bbox 1195 3333 1291 3390; x_wconf 59' lang='grc'>141444</span> <span class='ocrx_word' id='word_1_554' title='bbox 1302 3333 1408 3388; x_wconf 87' lang='lat' dir='ltr'><em>AAA.¹³</em></span> <span class='ocrx_word' id='word_1_555' title='bbox 1428 3333 1545 3406; x_wconf 77' lang='lat' dir='ltr'>Opnepio</span> <span class='ocrx_word' id='word_1_556' title='bbox 1558 3349 1609 3416; x_wconf 77' lang='lat' dir='ltr'>pp.</span> <span class='ocrx_word' id='word_1_557' title='bbox 1637 3333 1721 3388; x_wconf 85' lang='lat' dir='ltr'>Nemo</span> <span class='ocrx_word' id='word_1_558' title='bbox 1735 3333 1908 3388; x_wconf 74' lang='grc' dir='ltr'>14444444Μ</span> 
     </span>
     <span class='ocr_line' id='line_1_75' title="bbox 244 3399 1908 3474; baseline 0 -18"><span class='ocrx_word' id='word_1_559' title='bbox 244 3401 348 3474; x_wconf 88' lang='lat' dir='ltr'>pressit,</span> <span class='ocrx_word' id='word_1_560' title='bbox 366 3407 393 3456; x_wconf 90' lang='grc'>44</span> <span class='ocrx_word' id='word_1_561' title='bbox 409 3407 492 3456; x_wconf 88' lang='lat' dir='ltr'>mater</span> <span class='ocrx_word' id='word_1_562' title='bbox 510 3409 537 3456; x_wconf 90' lang='lat' dir='ltr'>et</span> <span class='ocrx_word' id='word_1_563' title='bbox 554 3405 630 3472; x_wconf 89' lang='lat' dir='ltr'>pater</span> <span class='ocrx_word' id='word_1_564' title='bbox 647 3403 759 3458; x_wconf 88' lang='lat' dir='ltr'>heredes</span> <span class='ocrx_word' id='word_1_565' title='bbox 774 3405 830 3458; x_wconf 89' lang='lat' dir='ltr'>eius</span> <span class='ocrx_word' id='word_1_566' title='bbox 843 3405 980 3472; x_wconf 83' lang='lat' dir='ltr'>neglegere</span> <span class='ocrx_word' id='word_1_567' title='bbox 995 3419 1049 3456; x_wconf 88' lang='lat' dir='ltr'>uon</span> <span class='ocrx_word' id='word_1_568' title='bbox 1099 3419 1194 3472; x_wconf 87' lang='lat' dir='ltr'>corpus</span> <span class='ocrx_word' id='word_1_569' title='bbox 1227 3401 1261 3456; x_wconf 92' lang='lat' dir='ltr'>ad</span> <span class='ocrx_word' id='word_1_570' title='bbox 1292 3403 1405 3456; x_wconf 85' lang='lat' dir='ltr'>alterum</span> <span class='ocrx_word' id='word_1_571' title='bbox 1436 3403 1524 3458; x_wconf 86' lang='lat' dir='ltr'>locum</span> <span class='ocrx_word' id='word_1_572' title='bbox 1550 3417 1607 3456; x_wconf 78' lang='lat' dir='ltr'>sine</span> <span class='ocrx_word' id='word_1_573' title='bbox 1631 3401 1746 3468; x_wconf 83' lang='lat' dir='ltr'>Augusti</span> <span class='ocrx_word' id='word_1_574' title='bbox 1773 3399 1908 3456; x_wconf 86' lang='lat' dir='ltr'>adfatibus</span> 
     </span>
     <span class='ocr_line' id='line_1_76' title="bbox 245 3469 1909 3542; baseline 0 -18"><span class='ocrx_word' id='word_1_575' title='bbox 245 3471 348 3526; x_wconf 90' lang='lat' dir='ltr'>debent.</span> <span class='ocrx_word' id='word_1_576' title='bbox 396 3485 457 3522; x_wconf 91' lang='lat' dir='ltr'>nam</span> <span class='ocrx_word' id='word_1_577' title='bbox 488 3471 537 3524; x_wconf 86' lang='lat' dir='ltr'>etsi</span> <span class='ocrx_word' id='word_1_578' title='bbox 567 3471 663 3524; x_wconf 92' lang='lat' dir='ltr'>delatio</span> <span class='ocrx_word' id='word_1_579' title='bbox 689 3469 741 3526; x_wconf 88' lang='lat' dir='ltr'>hoo</span> <span class='ocrx_word' id='word_1_580' title='bbox 767 3471 873 3526; x_wconf 88' lang='lat' dir='ltr'>nomine</span> <span class='ocrx_word' id='word_1_581' title='bbox 898 3469 1049 3540; x_wconf 86' lang='lat' dir='ltr'>praeteritis</span> <span class='ocrx_word' id='word_1_582' title='bbox 1098 3471 1253 3526; x_wconf 84' lang='lat' dir='ltr'>transierat.</span> <span class='ocrx_word' id='word_1_583' title='bbox 1293 3469 1402 3524; x_wconf 79' lang='grc'>1144</span> <span class='ocrx_word' id='word_1_584' title='bbox 1427 3469 1453 3524; x_wconf 80' lang='lat' dir='ltr'>lc.</span> <span class='ocrx_word' id='word_1_585' title='bbox 1478 3469 1559 3526; x_wconf 83' lang='lat' dir='ltr'>Mart.</span> <span class='ocrx_word' id='word_1_586' title='bbox 1589 3469 1827 3542; x_wconf 83' lang='lat' dir='ltr'>Constantinopoli</span> <span class='ocrx_word' id='word_1_587' title='bbox 1850 3469 1909 3526; x_wconf 83' lang='lat' dir='ltr'>Ha-</span> 
     </span>
     <span class='ocr_line' id='line_1_77' title="bbox 245 3537 1906 3610; baseline -0.001 -17"><span class='ocrx_word' id='word_1_588' title='bbox 245 3537 477 3594; x_wconf 85' lang='lat' dir='ltr'>constitutionibus</span> <span class='ocrx_word' id='word_1_589' title='bbox 495 3543 655 3602; x_wconf 77' lang='lat' dir='ltr'>cantuset,</span> <span class='ocrx_word' id='word_1_590' title='bbox 678 3537 804 3594; x_wconf 82' lang='lat' dir='ltr'>inuidiam</span> <span class='ocrx_word' id='word_1_591' title='bbox 825 3545 913 3594; x_wconf 89' lang='lat' dir='ltr'>tamen</span> <span class='ocrx_word' id='word_1_592' title='bbox 937 3543 964 3592; x_wconf 90' lang='lat' dir='ltr'>et</span> <span class='ocrx_word' id='word_1_593' title='bbox 986 3553 1048 3592; x_wconf 88' lang='lat' dir='ltr'>oon·</span> <span class='ocrx_word' id='word_1_594' title='bbox 1098 3539 1179 3594; x_wconf 87' lang='lat' dir='ltr'>nario</span> <span class='ocrx_word' id='word_1_595' title='bbox 1196 3537 1257 3594; x_wconf 87' lang='lat' dir='ltr'>nob.</span> <span class='ocrx_word' id='word_1_596' title='bbox 1270 3555 1362 3610; x_wconf 81' lang='lat' dir='ltr'>puero</span> <span class='ocrx_word' id='word_1_597' title='bbox 1382 3543 1408 3594; x_wconf 85' lang='lat' dir='ltr'>et</span> <span class='ocrx_word' id='word_1_598' title='bbox 1425 3537 1534 3594; x_wconf 80' lang='lat' dir='ltr'>Euodio</span> <span class='ocrx_word' id='word_1_599' title='bbox 1553 3555 1640 3594; x_wconf 85' lang='lat' dir='ltr'>conss.</span> <span class='ocrx_word' id='word_1_600' title='bbox 1793 3543 1827 3604; x_wconf 89' lang='lat' dir='ltr'>[a.</span> <span class='ocrx_word' id='word_1_601' title='bbox 1847 3541 1906 3604; x_wconf 85' lang='lat'>386]</span> 
     </span>
     <span class='ocr_line' id='line_1_78' title="bbox 244 3599 1908 3678; baseline 0 -18"><span class='ocrx_word' id='word_1_602' title='bbox 244 3605 381 3660; x_wconf 87' lang='lat' dir='ltr'>seientiam</span> <span class='ocrx_word' id='word_1_603' title='bbox 406 3605 477 3660; x_wconf 87' lang='lat' dir='ltr'>circa</span> <span class='ocrx_word' id='word_1_604' title='bbox 498 3603 625 3660; x_wconf 90' lang='lat' dir='ltr'>omissum</span> <span class='ocrx_word' id='word_1_605' title='bbox 647 3621 801 3674; x_wconf 89' lang='lat' dir='ltr'>supremum</span> <span class='ocrx_word' id='word_1_606' title='bbox 820 3605 971 3660; x_wconf 86' lang='lat' dir='ltr'>huiusmodi</span> <span class='ocrx_word' id='word_1_607' title='bbox 989 3605 1048 3660; x_wconf 85' lang='lat' dir='ltr'>ofli-</span> <span class='ocrx_word' id='word_1_608' title='bbox 1133 3605 1171 3664; x_wconf 86' lang='grc'>15</span> <span class='ocrx_word' id='word_1_609' title='bbox 1202 3603 1272 3660; x_wconf 75' lang='grc' dir='ltr'>15Ἐν</span> <span class='ocrx_word' id='word_1_610' title='bbox 1289 3603 1379 3660; x_wconf 74' lang='grc' dir='ltr'><strong><em>οὐδενὶ</em></strong></span> <span class='ocrx_word' id='word_1_611' title='bbox 1403 3601 1482 3672; x_wconf 83' lang='grc' dir='ltr'><strong><em>τόπῳ</em></strong></span> <span class='ocrx_word' id='word_1_612' title='bbox 1508 3603 1586 3660; x_wconf 78' lang='grc' dir='ltr'><strong><em>οὐδὲν</em></strong></span> <span class='ocrx_word' id='word_1_613' title='bbox 1610 3603 1685 3658; x_wconf 71' lang='lat' dir='ltr'>reice</span> <span class='ocrx_word' id='word_1_614' title='bbox 1709 3599 1776 3678; x_wconf 78' lang='grc' dir='ltr'><strong><em>παρ’</em></strong></span> <span class='ocrx_word' id='word_1_615' title='bbox 1802 3601 1908 3660; x_wconf 78' lang='grc' dir='ltr'><strong><em>οὐδενὸς</em></strong></span> 
     </span>
     <span class='ocr_line' id='line_1_79' title="bbox 244 3669 1908 3748; baseline -0.001 -20"><span class='ocrx_word' id='word_1_616' title='bbox 244 3675 314 3728; x_wconf 83' lang='lat' dir='ltr'>cium</span> <span class='ocrx_word' id='word_1_617' title='bbox 337 3677 363 3728; x_wconf 84' lang='grc'>34</span> <span class='ocrx_word' id='word_1_618' title='bbox 385 3675 564 3742; x_wconf 81' lang='lat' dir='ltr'>contemplum</span> <span class='ocrx_word' id='word_1_619' title='bbox 587 3673 714 3728; x_wconf 83' lang='lat' dir='ltr'>iudicium</span> <span class='ocrx_word' id='word_1_620' title='bbox 734 3675 853 3728; x_wconf 86' lang='lat' dir='ltr'>defuncti</span> <span class='ocrx_word' id='word_1_621' title='bbox 876 3673 975 3730; x_wconf 81' lang='lat' dir='ltr'>evitare</span> <span class='ocrx_word' id='word_1_622' title='bbox 995 3689 1049 3728; x_wconf 89' lang='lat' dir='ltr'>non</span> <span class='ocrx_word' id='word_1_623' title='bbox 1166 3669 1314 3748; x_wconf 74' lang='grc' dir='ltr'><strong><em>προσώπου</em></strong></span> <span class='ocrx_word' id='word_1_624' title='bbox 1337 3673 1407 3748; x_wconf 76' lang='grc' dir='ltr'><strong><em>ὑπὲρ</em></strong></span> <span class='ocrx_word' id='word_1_625' title='bbox 1429 3675 1488 3728; x_wconf 75' lang='grc' dir='ltr'><strong><em>τῶν</em></strong></span> <span class='ocrx_word' id='word_1_626' title='bbox 1517 3671 1746 3744; x_wconf 77' lang='grc' dir='ltr'><strong><em>διακομιζομένων</em></strong></span> <span class='ocrx_word' id='word_1_627' title='bbox 1772 3669 1908 3744; x_wconf 79' lang='grc' dir='ltr'><strong><em>σωμάτων</em></strong></span> 
     </span>
     <span class='ocr_line' id='line_1_80' title="bbox 242 3739 1344 3875; baseline -0.003 -78"><span class='ocrx_word' id='word_1_628' title='bbox 242 3747 362 3810; x_wconf 88' lang='lat' dir='ltr'>possunt.</span> <span class='ocrx_word' id='word_1_629' title='bbox 406 3739 462 3796; x_wconf 87' lang='lat' dir='ltr'><em>PP.</em></span> <span class='ocrx_word' id='word_1_630' title='bbox 494 3755 552 3796; x_wconf 76' lang='grc'>44]</span> <span class='ocrx_word' id='word_1_631' title='bbox 581 3739 606 3794; x_wconf 84' lang='lat' dir='ltr'>lc.</span> <span class='ocrx_word' id='word_1_632' title='bbox 632 3741 699 3796; x_wconf 86' lang='lat' dir='ltr'>Mai.</span> <span class='ocrx_word' id='word_1_633' title='bbox 727 3741 837 3798; x_wconf 86' lang='lat' dir='ltr'>Iuliano</span> <span class='ocrx_word' id='word_1_634' title='bbox 869 3747 897 3798; x_wconf 84' lang='lat' dir='ltr'>et</span> <span class='ocrx_word' id='word_1_635' title='bbox 923 3741 1047 3875; x_wconf 55' lang='grc' dir='ltr'><strong><em>όένινχρόῖιρρ</em></strong></span> <span class='ocrx_word' id='word_1_636' title='bbox 1166 3745 1344 3814; x_wconf 72' lang='grc' dir='ltr'>παρέχεται.16</span> 
     </span>
    </p>

    <p class='ocr_par' dir='ltr' id='par_1_18' title="bbox 243 3825 969 3864">
     <span class='ocr_line' id='line_1_81' title="bbox 243 3825 969 3864; baseline 0 0"><span class='ocrx_word' id='word_1_637' title='bbox 243 3825 330 3864; x_wconf 83' lang='lat' dir='ltr'>conss.</span> <span class='ocrx_word' id='word_1_638' title='bbox 944 3825 969 3864; x_wconf 90' lang='lat' dir='ltr'>a.</span> 
     </span>
    </p>
   </div>
   <div class='ocr_carea' id='block_1_10' title="bbox 241 3979 1908 4800">
    <p class='ocr_par' dir='ltr' id='par_1_19' title="bbox 241 3979 1908 4800">
     <span class='ocr_line' id='line_1_82' title="bbox 243 3979 1907 4056; baseline -0.002 -20"><span class='ocrx_word' id='word_1_639' title='bbox 243 3987 297 4036; x_wconf 80' lang='lat' dir='ltr'>acis</span> <span class='ocrx_word' id='word_1_640' title='bbox 320 3979 448 4036; x_wconf 71' lang='grc' dir='ltr'><strong><em>τοιούτοις</em></strong></span> <span class='ocrx_word' id='word_1_641' title='bbox 474 3981 593 4036; x_wconf 70' lang='grc' dir='ltr'><strong><em>ἱππικοῖς</em></strong></span> <span class='ocrx_word' id='word_1_642' title='bbox 614 3987 753 4050; x_wconf 77' lang='grc' dir='ltr'><strong><em>παίζουσι,</em></strong></span> <span class='ocrx_word' id='word_1_643' title='bbox 780 3981 903 4050; x_wconf 82' lang='grc' dir='ltr'><strong><em>δημόσιοι</em></strong></span> <span class='ocrx_word' id='word_1_644' title='bbox 926 3987 1047 4056; x_wconf 79' lang='grc' dir='ltr'><strong><em>γίνονται</em></strong></span> <span class='ocrx_word' id='word_1_645' title='bbox 1070 3983 1074 4038; x_wconf 89' lang='grc' dir='ltr'>Ι</span> <span class='ocrx_word' id='word_1_646' title='bbox 1097 3985 1163 4034; x_wconf 84' lang='lat' dir='ltr'>rides</span> <span class='ocrx_word' id='word_1_647' title='bbox 1237 3983 1269 4048; x_wconf 86' lang='grc'>(2)</span> <span class='ocrx_word' id='word_1_648' title='bbox 1288 3981 1314 4032; x_wconf 89' lang='grc' dir='ltr'><em>Β</em></span> <span class='ocrx_word' id='word_1_649' title='bbox 1332 3983 1373 4046; x_wconf 82' lang='grc'>59,</span> <span class='ocrx_word' id='word_1_650' title='bbox 1391 3993 1412 4032; x_wconf 87' lang='grc'>3.</span> <span class='ocrx_word' id='word_1_651' title='bbox 1430 4009 1464 4020; x_wconf 82' lang='lat'>-·</span> <span class='ocrx_word' id='word_1_652' title='bbox 1484 3981 1523 4048; x_wconf 83' lang='lat' dir='ltr'><em>Cf.</em></span> <span class='ocrx_word' id='word_1_653' title='bbox 1541 3983 1602 4050; x_wconf 81' lang='lat' dir='ltr'>Dip.</span> <span class='ocrx_word' id='word_1_654' title='bbox 1624 3985 1694 4046; x_wconf 79' lang='lat' dir='ltr'>ii‚t</span> <span class='ocrx_word' id='word_1_655' title='bbox 1771 3981 1803 4048; x_wconf 88' lang='grc'>(3)</span> <span class='ocrx_word' id='word_1_656' title='bbox 1821 3981 1907 4032; x_wconf 85' lang='lat' dir='ltr'>sabino</span> 
     </span>
     <span class='ocr_line' id='line_1_83' title="bbox 243 4045 1906 4122; baseline -0.002 -18"><span class='ocrx_word' id='word_1_657' title='bbox 243 4053 287 4104; x_wconf 84' lang='lat' dir='ltr'>ani</span> <span class='ocrx_word' id='word_1_658' title='bbox 304 4047 338 4104; x_wconf 84' lang='grc' dir='ltr'>τοὶ</span> <span class='ocrx_word' id='word_1_659' title='bbox 355 4047 482 4118; x_wconf 73' lang='grc' dir='ltr'><strong><em>διδόμενα</em></strong></span> <span class='ocrx_word' id='word_1_660' title='bbox 499 4045 684 4116; x_wconf 76' lang='grc' dir='ltr'><strong><em>ἀποδίδονται,</em></strong></span> <span class='ocrx_word' id='word_1_661' title='bbox 708 4047 778 4120; x_wconf 83' lang='grc' dir='ltr'>ἢμὴ</span> <span class='ocrx_word' id='word_1_662' title='bbox 795 4049 966 4122; x_wconf 74' lang='grc' dir='ltr'><strong><em>βουλομένων</em></strong></span> <span class='ocrx_word' id='word_1_663' title='bbox 983 4045 1047 4102; x_wconf 80' lang='grc' dir='ltr'><strong><em>δινα-</em></strong></span> <span class='ocrx_word' id='word_1_664' title='bbox 1097 4053 1193 4116; x_wconf 82' lang='lat' dir='ltr'>scripsi,</span> <span class='ocrx_word' id='word_1_665' title='bbox 1202 4049 1316 4116; x_wconf 91' lang='lat' dir='ltr'>aquilino</span> <span class='ocrx_word' id='word_1_666' title='bbox 1326 4051 1386 4102; x_wconf 89' lang='lat' dir='ltr'>Hal.</span> <span class='ocrx_word' id='word_1_667' title='bbox 1423 4049 1767 4116; x_wconf 75' lang='lat' dir='ltr'>(tlsicHal.‚v1non.i1&#39;1.P</span> <span class='ocrx_word' id='word_1_668' title='bbox 1798 4051 1906 4114; x_wconf 75' lang='grc'>(514411,</span> 
     </span>
     <span class='ocr_line' id='line_1_84' title="bbox 243 4113 1906 4192; baseline -0.001 -20"><span class='ocrx_word' id='word_1_669' title='bbox 243 4119 336 4186; x_wconf 77' lang='grc' dir='ltr'><strong><em>λαβεῖν</em></strong></span> <span class='ocrx_word' id='word_1_670' title='bbox 353 4119 411 4170; x_wconf 75' lang='grc' dir='ltr'><strong><em>τῶν</em></strong></span> <span class='ocrx_word' id='word_1_671' title='bbox 428 4113 590 4170; x_wconf 79' lang='grc' dir='ltr'><strong><em>δεδωκότων</em></strong></span> <span class='ocrx_word' id='word_1_672' title='bbox 606 4115 788 4174; x_wconf 78' lang='grc' dir='ltr'><strong><em>ἀπαιτοῦνται</em></strong></span> <span class='ocrx_word' id='word_1_673' title='bbox 806 4117 849 4170; x_wconf 82' lang='grc' dir='ltr'>διὰ</span> <span class='ocrx_word' id='word_1_674' title='bbox 866 4121 914 4172; x_wconf 77' lang='grc' dir='ltr'>τοῦ</span> <span class='ocrx_word' id='word_1_675' title='bbox 933 4113 1047 4192; x_wconf 76' lang='grc' dir='ltr'><strong><em>ἐπάρχου</em></strong></span> <span class='ocrx_word' id='word_1_676' title='bbox 1097 4117 1183 4170; x_wconf 69' lang='lat' dir='ltr'>omi)</span> <span class='ocrx_word' id='word_1_677' title='bbox 1232 4119 1266 4186; x_wconf 87' lang='lat' dir='ltr'>(t)</span> <span class='ocrx_word' id='word_1_678' title='bbox 1277 4119 1389 4184; x_wconf 83' lang='lat' dir='ltr'>sortasse</span> <span class='ocrx_word' id='word_1_679' title='bbox 1407 4119 1530 4184; x_wconf 71' lang='lat' dir='ltr'>iungenda</span> <span class='ocrx_word' id='word_1_680' title='bbox 1547 4121 1708 4182; x_wconf 78' lang='lat' dir='ltr'>asti,18‚t</span> <span class='ocrx_word' id='word_1_681' title='bbox 1760 4117 1793 4182; x_wconf 83' lang='lat' dir='ltr'>(t)</span> <span class='ocrx_word' id='word_1_682' title='bbox 1812 4117 1862 4170; x_wconf 86' lang='lat' dir='ltr'>dec.</span> <span class='ocrx_word' id='word_1_683' title='bbox 1875 4119 1906 4182; x_wconf 91' lang='lat' dir='ltr'>P,</span> 
     </span>
     <span class='ocr_line' id='line_1_85' title="bbox 242 4179 1906 4260; baseline -0.002 -20"><span class='ocrx_word' id='word_1_684' title='bbox 242 4191 288 4240; x_wconf 82' lang='lat' dir='ltr'>nui</span> <span class='ocrx_word' id='word_1_685' title='bbox 304 4187 363 4238; x_wconf 76' lang='lat' dir='ltr'>cair</span> <span class='ocrx_word' id='word_1_686' title='bbox 378 4179 519 4260; x_wconf 72' lang='grc' dir='ltr'><strong><em>ἀρχόντων</em></strong></span> <span class='ocrx_word' id='word_1_687' title='bbox 534 4187 593 4240; x_wconf 77' lang='grc' dir='ltr'><strong><em>τῶν</em></strong></span> <span class='ocrx_word' id='word_1_688' title='bbox 610 4187 749 4260; x_wconf 77' lang='grc' dir='ltr'><strong><em>ἐπαρχιῶν</em></strong></span> <span class='ocrx_word' id='word_1_689' title='bbox 768 4191 813 4240; x_wconf 86' lang='lat' dir='ltr'>nal</span> <span class='ocrx_word' id='word_1_690' title='bbox 836 4189 1048 4260; x_wconf 76' lang='grc' dir='ltr'><strong><em>προσκυροῦνται</em></strong></span> <span class='ocrx_word' id='word_1_691' title='bbox 1097 4187 1158 4238; x_wconf 86' lang='lat' dir='ltr'>febr.</span> <span class='ocrx_word' id='word_1_692' title='bbox 1177 4187 1239 4238; x_wconf 85' lang='lat' dir='ltr'>Hal.</span> <span class='ocrx_word' id='word_1_693' title='bbox 1281 4185 1315 4252; x_wconf 81' lang='lat' dir='ltr'>(a)</span> <span class='ocrx_word' id='word_1_694' title='bbox 1332 4187 1411 4250; x_wconf 87' lang='lat' dir='ltr'>sicP,</span> <span class='ocrx_word' id='word_1_695' title='bbox 1429 4185 1783 4238; x_wconf 79' lang='lat' dir='ltr'>diod.1111etmax.111Hot.</span> <span class='ocrx_word' id='word_1_696' title='bbox 1825 4185 1859 4248; x_wconf 81' lang='grc'>(9)</span> <span class='ocrx_word' id='word_1_697' title='bbox 1874 4191 1906 4254; x_wconf 83' lang='lat' dir='ltr'>cf.</span> 
     </span>
     <span class='ocr_line' id='line_1_86' title="bbox 242 4251 1906 4326; baseline -0.003 -18"><span class='ocrx_word' id='word_1_698' title='bbox 242 4257 297 4308; x_wconf 79' lang='lat' dir='ltr'>nois</span> <span class='ocrx_word' id='word_1_699' title='bbox 314 4253 399 4326; x_wconf 73' lang='grc' dir='ltr'><strong><em>ἔργοις</em></strong></span> <span class='ocrx_word' id='word_1_700' title='bbox 415 4255 474 4308; x_wconf 75' lang='grc' dir='ltr'><strong><em>τῶν</em></strong></span> <span class='ocrx_word' id='word_1_701' title='bbox 490 4251 598 4308; x_wconf 76' lang='grc' dir='ltr'><strong><em>πόλεων</em></strong></span> <span class='ocrx_word' id='word_1_702' title='bbox 617 4259 654 4320; x_wconf 85' lang='lat' dir='ltr'>(iol</span> <span class='ocrx_word' id='word_1_703' title='bbox 671 4267 705 4308; x_wconf 83' lang='lat' dir='ltr'>est</span> <span class='ocrx_word' id='word_1_704' title='bbox 722 4271 803 4320; x_wconf 88' lang='lat' dir='ltr'>neque</span> <span class='ocrx_word' id='word_1_705' title='bbox 820 4257 911 4320; x_wconf 83' lang='lat' dir='ltr'>ligneis</span> <span class='ocrx_word' id='word_1_706' title='bbox 929 4257 1047 4320; x_wconf 85' lang='lat' dir='ltr'>equestri·</span> <span class='ocrx_word' id='word_1_707' title='bbox 1097 4257 1122 4320; x_wconf 89' lang='grc'>9,</span> <span class='ocrx_word' id='word_1_708' title='bbox 1140 4265 1207 4318; x_wconf 68' lang='grc'>446</span> <span class='ocrx_word' id='word_1_709' title='bbox 1276 4253 1906 4320; x_wconf 60' lang='grc'>(44444404444444441441114414,[14444-</span> 
     </span>
     <span class='ocr_line' id='line_1_87' title="bbox 242 4321 1906 4392; baseline -0.001 -18"><span class='ocrx_word' id='word_1_710' title='bbox 242 4325 288 4374; x_wconf 92' lang='lat' dir='ltr'>bus</span> <span class='ocrx_word' id='word_1_711' title='bbox 311 4339 373 4386; x_wconf 89' lang='lat' dir='ltr'>quae</span> <span class='ocrx_word' id='word_1_712' title='bbox 390 4325 511 4374; x_wconf 78' lang='lat' dir='ltr'>uocantur</span> <span class='ocrx_word' id='word_1_713' title='bbox 533 4339 613 4388; x_wconf 90' lang='lat' dir='ltr'>neque</span> <span class='ocrx_word' id='word_1_714' title='bbox 635 4323 684 4374; x_wconf 80' lang='lat' dir='ltr'>aba</span> <span class='ocrx_word' id='word_1_715' title='bbox 701 4323 756 4374; x_wconf 88' lang='lat' dir='ltr'>alea</span> <span class='ocrx_word' id='word_1_716' title='bbox 773 4323 858 4376; x_wconf 86' lang='lat' dir='ltr'>ludere</span> <span class='ocrx_word' id='word_1_717' title='bbox 875 4325 935 4376; x_wconf 85' lang='lat' dir='ltr'>licet</span> <span class='ocrx_word' id='word_1_718' title='bbox 950 4327 1048 4392; x_wconf 86' lang='lat' dir='ltr'>praeter</span> <span class='ocrx_word' id='word_1_719' title='bbox 1098 4323 1192 4386; x_wconf 89' lang='lat' dir='ltr'>ditarii]</span> <span class='ocrx_word' id='word_1_720' title='bbox 1205 4323 1289 4374; x_wconf 89' lang='lat' dir='ltr'>autem</span> <span class='ocrx_word' id='word_1_721' title='bbox 1298 4323 1431 4374; x_wconf 73' lang='lat' dir='ltr'>leiommson</span> <span class='ocrx_word' id='word_1_722' title='bbox 1466 4323 1570 4390; x_wconf 72' lang='lat' dir='ltr'>(tilii.</span> <span class='ocrx_word' id='word_1_723' title='bbox 1581 4337 1658 4374; x_wconf 84' lang='lat' dir='ltr'>conss.</span> <span class='ocrx_word' id='word_1_724' title='bbox 1668 4323 1703 4390; x_wconf 85' lang='grc' dir='ltr'>(α.</span> <span class='ocrx_word' id='word_1_725' title='bbox 1713 4327 1764 4380; x_wconf 77' lang='lat' dir='ltr'>aaut</span> <span class='ocrx_word' id='word_1_726' title='bbox 1774 4321 1906 4374; x_wconf 81' lang='lat' dir='ltr'>Mommsen</span> 
     </span>
     <span class='ocr_line' id='line_1_88' title="bbox 244 4391 1907 4458; baseline -0.001 -16"><span class='ocrx_word' id='word_1_727' title='bbox 244 4407 283 4442; x_wconf 85' lang='lat' dir='ltr'>eas</span> <span class='ocrx_word' id='word_1_728' title='bbox 300 4407 363 4454; x_wconf 87' lang='lat' dir='ltr'>quae</span> <span class='ocrx_word' id='word_1_729' title='bbox 380 4391 504 4442; x_wconf 84' lang='lat' dir='ltr'>anteriore</span> <span class='ocrx_word' id='word_1_730' title='bbox 521 4391 698 4444; x_wconf 86' lang='lat' dir='ltr'>constitutione</span> <span class='ocrx_word' id='word_1_731' title='bbox 714 4393 846 4458; x_wconf 87' lang='lat' dir='ltr'>permissae</span> <span class='ocrx_word' id='word_1_732' title='bbox 860 4395 926 4444; x_wconf 87' lang='lat' dir='ltr'>suut.</span> <span class='ocrx_word' id='word_1_733' title='bbox 953 4393 1047 4456; x_wconf 83' lang='grc'>441441,</span> <span class='ocrx_word' id='word_1_734' title='bbox 1097 4393 1141 4454; x_wconf 76' lang='lat' dir='ltr'>lta)</span> <span class='ocrx_word' id='word_1_735' title='bbox 1165 4415 1199 4436; x_wconf 81' lang='lat'>=</span> <span class='ocrx_word' id='word_1_736' title='bbox 1224 4391 1269 4442; x_wconf 86' lang='lat' dir='ltr'>Ti.</span> <span class='ocrx_word' id='word_1_737' title='bbox 1289 4391 1312 4456; x_wconf 87' lang='grc'>9,</span> <span class='ocrx_word' id='word_1_738' title='bbox 1331 4401 1364 4454; x_wconf 83' lang='lat' dir='ltr'>tt,</span> <span class='ocrx_word' id='word_1_739' title='bbox 1382 4401 1409 4440; x_wconf 77' lang='lat' dir='ltr'>t:</span> <span class='ocrx_word' id='word_1_740' title='bbox 1430 4391 1501 4458; x_wconf 79' lang='lat' dir='ltr'>inape</span> <span class='ocrx_word' id='word_1_741' title='bbox 1525 4395 1546 4456; x_wconf 88' lang='lat'>1,</span> <span class='ocrx_word' id='word_1_742' title='bbox 1565 4401 1617 4456; x_wconf 81' lang='grc'>4,3</span> <span class='ocrx_word' id='word_1_743' title='bbox 1711 4391 1754 4454; x_wconf 80' lang='lat' dir='ltr'>(tel</span> <span class='ocrx_word' id='word_1_744' title='bbox 1775 4391 1907 4456; x_wconf 83' lang='lat' dir='ltr'>requiritur</span> 
     </span>
     <span class='ocr_line' id='line_1_89' title="bbox 243 4457 1908 4526; baseline -0.001 -15"><span class='ocrx_word' id='word_1_745' title='bbox 243 4461 270 4512; x_wconf 88' lang='lat' dir='ltr'>in</span> <span class='ocrx_word' id='word_1_746' title='bbox 286 4459 375 4524; x_wconf 82' lang='lat' dir='ltr'>quibm</span> <span class='ocrx_word' id='word_1_747' title='bbox 389 4459 480 4510; x_wconf 84' lang='lat' dir='ltr'>talibus</span> <span class='ocrx_word' id='word_1_748' title='bbox 495 4459 648 4524; x_wconf 88' lang='lat' dir='ltr'>equestribus</span> <span class='ocrx_word' id='word_1_749' title='bbox 660 4459 762 4524; x_wconf 89' lang='lat' dir='ltr'>ludunt,</span> <span class='ocrx_word' id='word_1_750' title='bbox 779 4459 939 4526; x_wconf 90' lang='lat' dir='ltr'>publicantur</span> <span class='ocrx_word' id='word_1_751' title='bbox 952 4465 976 4512; x_wconf 90' lang='grc'>44</span> <span class='ocrx_word' id='word_1_752' title='bbox 985 4477 1048 4526; x_wconf 88' lang='lat' dir='ltr'>quae</span> <span class='ocrx_word' id='word_1_753' title='bbox 1097 4461 1193 4526; x_wconf 90' lang='lat' dir='ltr'>Imppp.</span> <span class='ocrx_word' id='word_1_754' title='bbox 1213 4459 1348 4510; x_wconf 82' lang='lat' dir='ltr'>Gratianus</span> <span class='ocrx_word' id='word_1_755' title='bbox 1359 4457 1551 4510; x_wconf 79' lang='lat' dir='ltr'>Valentinianus</span> <span class='ocrx_word' id='word_1_756' title='bbox 1569 4461 1595 4510; x_wconf 86' lang='lat' dir='ltr'>ot</span> <span class='ocrx_word' id='word_1_757' title='bbox 1604 4457 1757 4510; x_wconf 82' lang='lat' dir='ltr'>Theodosius</span> <span class='ocrx_word' id='word_1_758' title='bbox 1771 4459 1854 4520; x_wconf 75' lang='grc' dir='ltr'>ΑΑΑ,</span> <span class='ocrx_word' id='word_1_759' title='bbox 1873 4461 1908 4512; x_wconf 88' lang='lat' dir='ltr'>acl</span> 
     </span>
     <span class='ocr_line' id='line_1_90' title="bbox 244 4527 1905 4596; baseline 0 -18"><span class='ocrx_word' id='word_1_760' title='bbox 244 4527 301 4578; x_wconf 85' lang='lat' dir='ltr'>data</span> <span class='ocrx_word' id='word_1_761' title='bbox 317 4529 375 4578; x_wconf 87' lang='lat' dir='ltr'>sunt</span> <span class='ocrx_word' id='word_1_762' title='bbox 391 4529 545 4592; x_wconf 86' lang='lat' dir='ltr'>repetuntur,</span> <span class='ocrx_word' id='word_1_763' title='bbox 569 4527 607 4580; x_wconf 83' lang='lat' dir='ltr'>vel</span> <span class='ocrx_word' id='word_1_764' title='bbox 630 4531 651 4578; x_wconf 85' lang='lat' dir='ltr'>si</span> <span class='ocrx_word' id='word_1_765' title='bbox 674 4529 720 4594; x_wconf 91' lang='lat' dir='ltr'>qui</span> <span class='ocrx_word' id='word_1_766' title='bbox 738 4527 860 4580; x_wconf 86' lang='lat' dir='ltr'>dederunt</span> <span class='ocrx_word' id='word_1_767' title='bbox 877 4529 985 4596; x_wconf 86' lang='lat' dir='ltr'>recipere</span> <span class='ocrx_word' id='word_1_768' title='bbox 1001 4545 1048 4578; x_wconf 86' lang='lat' dir='ltr'>uo·</span> <span class='ocrx_word' id='word_1_769' title='bbox 1097 4545 1156 4594; x_wconf 83' lang='lat' dir='ltr'>qnos</span> <span class='ocrx_word' id='word_1_770' title='bbox 1178 4527 1243 4578; x_wconf 89' lang='lat' dir='ltr'>idem</span> <span class='ocrx_word' id='word_1_771' title='bbox 1265 4529 1369 4594; x_wconf 79' lang='lat' dir='ltr'>refertar</span> <span class='ocrx_word' id='word_1_772' title='bbox 1391 4529 1416 4578; x_wconf 88' lang='lat' dir='ltr'>in</span> <span class='ocrx_word' id='word_1_773' title='bbox 1435 4529 1457 4592; x_wconf 91' lang='lat'>1,</span> <span class='ocrx_word' id='word_1_774' title='bbox 1475 4539 1521 4592; x_wconf 82' lang='grc'>2,3</span> <span class='ocrx_word' id='word_1_775' title='bbox 1540 4539 1563 4580; x_wconf 86' lang='lat' dir='ltr'>ot</span> <span class='ocrx_word' id='word_1_776' title='bbox 1582 4527 1626 4578; x_wconf 86' lang='lat' dir='ltr'>Ti.</span> <span class='ocrx_word' id='word_1_777' title='bbox 1711 4527 1755 4592; x_wconf 84' lang='grc'>(44)</span> <span class='ocrx_word' id='word_1_778' title='bbox 1775 4527 1905 4578; x_wconf 85' lang='lat' dir='ltr'>humatum</span> 
     </span>
     <span class='ocr_line' id='line_1_91' title="bbox 241 4595 1904 4664; baseline -0.001 -17"><span class='ocrx_word' id='word_1_779' title='bbox 241 4597 312 4658; x_wconf 77' lang='lat' dir='ltr'>lunt,</span> <span class='ocrx_word' id='word_1_780' title='bbox 335 4611 363 4644; x_wconf 90' lang='lat' dir='ltr'>ea</span> <span class='ocrx_word' id='word_1_781' title='bbox 383 4597 531 4660; x_wconf 82' lang='lat' dir='ltr'>repetuntur</span> <span class='ocrx_word' id='word_1_782' title='bbox 551 4611 597 4662; x_wconf 86' lang='lat' dir='ltr'>per</span> <span class='ocrx_word' id='word_1_783' title='bbox 618 4597 771 4662; x_wconf 83' lang='lat' dir='ltr'>praefectum</span> <span class='ocrx_word' id='word_1_784' title='bbox 788 4597 829 4648; x_wconf 83' lang='lat' dir='ltr'>vel</span> <span class='ocrx_word' id='word_1_785' title='bbox 851 4597 973 4662; x_wconf 85' lang='lat' dir='ltr'>praesides</span> <span class='ocrx_word' id='word_1_786' title='bbox 990 4611 1047 4664; x_wconf 84' lang='lat' dir='ltr'>pro·</span> <span class='ocrx_word' id='word_1_787' title='bbox 1097 4605 1158 4646; x_wconf 86' lang='lat' dir='ltr'>recte</span> <span class='ocrx_word' id='word_1_788' title='bbox 1176 4597 1232 4646; x_wconf 84' lang='lat' dir='ltr'>dett.</span> <span class='ocrx_word' id='word_1_789' title='bbox 1251 4613 1302 4646; x_wconf 87' lang='lat' dir='ltr'>cnm</span> <span class='ocrx_word' id='word_1_790' title='bbox 1322 4595 1374 4656; x_wconf 78' lang='lat' dir='ltr'>rt,</span> <span class='ocrx_word' id='word_1_791' title='bbox 1391 4595 1436 4644; x_wconf 80' lang='lat' dir='ltr'>aad</span> <span class='ocrx_word' id='word_1_792' title='bbox 1452 4607 1536 4648; x_wconf 81' lang='grc'>44444</span> <span class='ocrx_word' id='word_1_793' title='bbox 1550 4597 1581 4646; x_wconf 69' lang='grc' dir='ltr'>’Β</span> <span class='ocrx_word' id='word_1_794' title='bbox 1646 4597 1690 4660; x_wconf 81' lang='lat'><strong>(15)</strong></span> <span class='ocrx_word' id='word_1_795' title='bbox 1703 4619 1738 4640; x_wconf 86' lang='lat'>==</span> <span class='ocrx_word' id='word_1_796' title='bbox 1751 4595 1779 4644; x_wconf 89' lang='lat' dir='ltr'><em>B</em></span> <span class='ocrx_word' id='word_1_797' title='bbox 1791 4595 1832 4656; x_wconf 83' lang='lat'>59,</span> <span class='ocrx_word' id='word_1_798' title='bbox 1845 4605 1866 4658; x_wconf 90' lang='grc'>3,</span> <span class='ocrx_word' id='word_1_799' title='bbox 1880 4607 1904 4650; x_wconf 82' lang='grc'>14</span> 
     </span>
     <span class='ocr_line' id='line_1_92' title="bbox 242 4661 1903 4732; baseline -0.002 -16"><span class='ocrx_word' id='word_1_800' title='bbox 242 4663 380 4716; x_wconf 70' lang='lat' dir='ltr'>unciarum</span> <span class='ocrx_word' id='word_1_801' title='bbox 395 4661 561 4714; x_wconf 77' lang='lat' dir='ltr'>etciviiatum</span> <span class='ocrx_word' id='word_1_802' title='bbox 575 4665 872 4732; x_wconf 86' lang='lat' dir='ltr'>operibusapplicantur)</span> <span class='ocrx_word' id='word_1_803' title='bbox 923 4665 954 4730; x_wconf 90' lang='lat'>(1)</span> <span class='ocrx_word' id='word_1_804' title='bbox 963 4685 1046 4716; x_wconf 80' lang='lat' dir='ltr'>secaa·</span> <span class='ocrx_word' id='word_1_805' title='bbox 1097 4663 1142 4726; x_wconf 86' lang='grc'>(13)</span> <span class='ocrx_word' id='word_1_806' title='bbox 1163 4663 1190 4714; x_wconf 83' lang='lat' dir='ltr'>at</span> <span class='ocrx_word' id='word_1_807' title='bbox 1206 4673 1242 4714; x_wconf 84' lang='lat' dir='ltr'>est</span> <span class='ocrx_word' id='word_1_808' title='bbox 1257 4661 1350 4712; x_wconf 86' lang='lat' dir='ltr'>nullibi</span> <span class='ocrx_word' id='word_1_809' title='bbox 1367 4661 1448 4712; x_wconf 90' lang='lat' dir='ltr'>ullum</span> <span class='ocrx_word' id='word_1_810' title='bbox 1465 4663 1572 4728; x_wconf 82' lang='lat' dir='ltr'>vectigal</span> <span class='ocrx_word' id='word_1_811' title='bbox 1588 4677 1604 4714; x_wconf 88' lang='lat' dir='ltr'>a</span> <span class='ocrx_word' id='word_1_812' title='bbox 1620 4677 1745 4728; x_wconf 87' lang='lat' dir='ltr'>quoquam</span> <span class='ocrx_word' id='word_1_813' title='bbox 1760 4677 1806 4728; x_wconf 89' lang='lat' dir='ltr'>pro</span> <span class='ocrx_word' id='word_1_814' title='bbox 1823 4665 1903 4712; x_wconf 78' lang='grc'>44444-</span> 
     </span>
     <span class='ocr_line' id='line_1_93' title="bbox 244 4729 1523 4800; baseline 0.002 -16"><span class='ocrx_word' id='word_1_815' title='bbox 244 4735 297 4784; x_wconf 88' lang='lat' dir='ltr'>dnm</span> <span class='ocrx_word' id='word_1_816' title='bbox 306 4731 445 4784; x_wconf 82' lang='lat' dir='ltr'>Anatolium</span> <span class='ocrx_word' id='word_1_817' title='bbox 455 4731 492 4798; x_wconf 84' lang='lat' dir='ltr'>(p.</span> <span class='ocrx_word' id='word_1_818' title='bbox 503 4741 540 4782; x_wconf 77' lang='grc'>144</span> <span class='ocrx_word' id='word_1_819' title='bbox 551 4743 598 4782; x_wconf 82' lang='grc'>444.</span> <span class='ocrx_word' id='word_1_820' title='bbox 608 4733 643 4798; x_wconf 82' lang='lat' dir='ltr'>tt)</span> <span class='ocrx_word' id='word_1_821' title='bbox 659 4743 769 4800; x_wconf 81' lang='lat' dir='ltr'>repetant</span> <span class='ocrx_word' id='word_1_822' title='bbox 775 4739 916 4800; x_wconf 67' lang='lat' dir='ltr'>praefiscine</span> <span class='ocrx_word' id='word_1_823' title='bbox 924 4735 963 4786; x_wconf 86' lang='lat' dir='ltr'>cel</span> <span class='ocrx_word' id='word_1_824' title='bbox 973 4753 1048 4800; x_wconf 82' lang='lat' dir='ltr'>prae·</span> <span class='ocrx_word' id='word_1_825' title='bbox 1097 4729 1203 4782; x_wconf 75' lang='lat' dir='ltr'>ferendis</span> <span class='ocrx_word' id='word_1_826' title='bbox 1220 4731 1366 4796; x_wconf 85' lang='lat' dir='ltr'>corporibus</span> <span class='ocrx_word' id='word_1_827' title='bbox 1382 4733 1523 4796; x_wconf 73' lang='lat' dir='ltr'>praestatur</span> 
     </span>
    </p>
   </div>
   <div class='ocr_carea' id='block_1_11' title="bbox 0 0 2134 6262">
    <p class='ocr_par' dir='ltr' id='par_1_20' title="bbox 0 0 2134 6262">
     <span class='ocr_line' id='line_1_94' title="bbox 0 0 2134 6262; baseline 0 0"><span class='ocrx_word' id='word_1_828' title='bbox 0 0 2134 6262; x_wconf 95' lang='lat' dir='ltr'> </span> 
     </span>
    </p>
   </div>
  </div>
 </body>
</html>
