4258 6258
243 345 283 398 sn
303 331 507 390 nnusonsnts

1047 315 1089 386 53

1840 327 1896 390 it

917 417 1216 426 —n—m-——n--m-..m

278 503 407 586 illidam
424 501 456 552 Λ.
476 497 608 570 Erpthra‘o
624 521 671 624 pp.
708 505 735 558 st
755 505 798 584 pai
816 503 978 558 orthodoxae
1001 519 1043 556 re·

241 579 343 648 ligimus
371 573 502 648 emptione
527 585 589 624 vera
615 587 645 624 ve
680 573 779 626 fictscra
802 575 849 624 aut
878 585 1044 638 quocumque

242 641 372 704 alicime
395 635 435 688 vei
458 637 534 690 titulo
558 641 668 708 praedia
691 647 717 696 et
738 637 919 708 possessiones
948 653 1044 706 resque

241 707 398 774 immobiles,
422 703 450 756 in
474 705 571 774 quibus
594 709 758 762 orthodoxae
779 705 842 760 fidei
859 705 986 760 ecclesiae
1001 705 1053 760 vel

204 833 206 836 .
242 777 357 840 oratoria
375 771 520 828 constituta
538 781 607 842 sunt,
626 777 653 828 in
665 775 815 830 haereticae
833 777 921 828 sectae
936 779 962 828 et
980 789 1043 828 con·

242 847 321 906 traria
338 839 501 896 orthodoxae
518 843 581 898 fidei
599 843 753 898 sentientem
776 857 966 910 quamcumque
983 857 1043 912 per-

242 929 332 976 sonam
356 909 501 964 transferre
527 911 671 978 voluerint,
698 909 798 962 nullam
824 909 973 966 huiusmodi
1001 911 1044 966 nel

240 977 402 1044 interrivos
424 977 543 1032 habitam
565 979 608 1032 vel
631 983 732 1032 secreto
755 979 852 1032 iudicio
872 979 1043 1048 compositam

240 1053 326 1110 calere
351 1045 471 1100 volumus
495 1047 670 1110 voluntatem,
699 1047 800 1100 etiamsi
824 1047 858 1098 ab
880 1047 1043 1102 orthodoxae

240 1119 301 1176 fidei
317 1113 453 1168 venditore
470 1115 512 1168 vel
530 1129 695 1182 quocumque
712 1115 790 1168 modo
809 1115 954 1170 alienatore
972 1131 1041 1170 com·

240 1183 360 1244 mendcio
379 1181 429 1236 sub
447 1181 565 1248 qualibet
584 1183 723 1236 occasione
737 1183 819 1236 faedi
827 1183 977 1250 adsignata:
996 1185 1043 1238 sed

239 1255 313 1314 irrita
331 1249 417 1304 omnia
434 1248 587 1302 huiusmodi
604 1250 763 1304 documenta
778 1255 804 1304 et
818 1257 954 1320 tamquam
967 1253 1041 1322 peni-

242 1335 252 1380 ι
288 1327 331 1374 tus
350 1333 399 1372 nac
417 1317 517 1386 scripta
536 1333 593 1372 esse
611 1333 756 1374 censemur.
786 1319 860 1374 Haec
878 1321 947 1374 enim
963 1337 1041 1388 prae-

240 1393 282 1448 dia
307 1393 334 1442 et
359 1387 553 1454 possessionen,
587 1401 654 1506 (puae
679 1387 708 1440 in
736 1389 885 1444 haereticas
913 1405 1041 1458 personas

239 1467 403 1530 quocumque
420 1455 499 1508 modo
517 1459 591 1508 trans
604 1459 663 1508 atae
680 1455 780 1508 fuerint
792 1457 834 1510 vel
848 1457 969 1524 collatae,
983 1457 1041 1512 fisci

239 1535 254 1584 a
292 1523 378 1578 nostri
399 1521 499 1578 viribus
522 1521 687 1578 decernimus
710 1525 846 1580 vindicmi.
890 1527 951 1580 Sive
971 1527 1042 1582 enim

238 1593 308 1666 apud
331 1589 450 1644 dominos
491 1605 672 1646 osscssoresve
695 1593 857 1648 orthodoxos
880 1611 912 1648 ca
933 1595 1041 1664 praedia

237 1665 360 1720 maneant
377 1675 424 1712 seu
441 1675 457 1712 a
492 1659 551 1714 fisci
568 1659 654 1714 nostri
668 1659 727 1714 iura
740 1663 915 1728 pervenerint,
934 1679 1041 1718 neeesse

238 1735 278 1788 est
293 1729 321 1782 in
338 1727 381 1782 his
398 1727 524 1782 ecclesias
543 1731 570 1782 et
591 1729 708 1782 oratoria
727 1731 872 1784 constituta
892 1731 1041 1800 diligentius

237 1807 264 1854 et
293 1795 432 1852 sollicitius
463 1795 614 1850 instaurari.
661 1803 768 1852 nostrae
794 1799 864 1854 enim
890 1799 1040 1854 serenitatis

236 1865 351 1934 undique
368 1863 490 1944 adhunc
509 1865 607 1918 exitum
623 1865 790 1932 providentia
808 1867 888 1934 ducit,
908 1873 938 1920 ut
958 1869 1040 1922 omni-

236 1933 349 2006 potentis
368 1929 410 1986 der
427 1933 533 2002 templa,
551 1933 579 1988 in
597 1935 693 2002 quibus
710 1941 819 1988 nostrae
839 1935 901 1988 fidei
918 1935 1040 1990 instituta

235 2001 387 2074 perdurant,
405 2001 478 2054 cultu
497 2001 606 2056 adsiduo
643 2019 673 2056 er
691 2003 777 2056 omnia
799 2005 906 2058 saecula
926 2003 1041 2058 rediviva

236 2079 250 2128 3
284 2073 429 2124 serventur.
464 2067 521 2124 Nec
539 2069 608 2124 enim
623 2019 741 2126 lubitsri
758 2073 859 2140 potest,
884 2073 954 2140 quod
972 2073 1041 2128 siin

235 2137 381 2196 haereticos
393 2135 500 2192 veniant
514 2139 707 2206 possessiones,
725 2139 753 2192 in
773 2139 868 2208 quibus
884 2155 963 2194 verae
977 2139 1039 2194 fidei

236 2205 363 2264 ecclesiae
385 2205 426 2258 vel
452 2205 569 2260 oratoria
594 2207 740 2262 constituta
765 2213 828 2262 sunt
854 2213 881 2262 ct
901 2209 1038 2276 integritas

236 2275 337 2340 colitur,
356 2273 504 2328 omnimodo
521 2275 555 2328 ab
574 2275 615 2328 his
633 2275 719 2330 deseri
736 2281 817 2344 atque
835 2277 950 2342 destitui,
970 2277 1039 2332 omni

235 2343 308 2400 cultu
320 2357 425 2408 vacare,
443 2343 564 2396 omnibus
582 2343 664 2398 seems
683 2349 710 2400 et
727 2345 811 2400 solitis
825 2343 928 2398 viduari
941 2349 1039 2416 myste-

234 2413 293 2476 riis,
317 2411 387 2466 omni
411 2409 550 2478 splendore
567 2411 678 2480 privari,
700 2413 780 2466 nullis
797 2415 957 2482 populorum
975 2431 1038 2470 con-

233 2481 411 2544 ventionibus,
435 2481 515 2532 nullis
537 2481 693 2534 clericorum
718 2481 947 2536 observationibus
970 2481 1039 2538 cele·

233 2547 304 2604 brari
326 2553 354 2602 et
376 2563 408 2600 ex
431 2547 481 2602 hoc
503 2549 561 2602 sine
583 2547 663 2604 dubio
686 2549 790 2604 casdem
808 2551 934 2604 ccclesias
952 2551 1039 2620 perire

233 2631 309 2670 ruere
327 2615 498 2684 complanari.
533 2633 583 2670 nec
602 2617 670 2672 enim
689 2617 721 2672 de
739 2633 828 2672 earum
845 2619 1038 2674 instauratione

233 2685 357 2738 haeretici
379 2689 504 2752 poterunt
527 2685 668 2754 aliquando
687 2687 816 2754 cogitare,
840 2703 906 2756 quas
930 2687 1037 2756 penitus

233 2769 289 2808 esse
310 2753 445 2808 nolebant.
485 2769 553 2822 quae
577 2753 664 2808 omnia
685 2761 837 2808 resecantes
860 2757 895 2810 acl
911 2771 1037 2824 praesen-

232 2825 285 2876 tem
301 2821 384 2890 legem
401 2823 576 2888 pervenimus.
813 2823 849 2892 [a.
870 2823 1035 2892 coenant]

268 2889 301 2946 ll
325 2891 503 2960 ιθεσπίζομεν
519 2889 580 2944 τοὺς
597 2889 646 2956 τήν
663 2885 795 2962 όλεθρίαν
808 2893 867 2946 ταῖν
876 2897 1038 2958 Μανιχαίων

298 2957 465 3030 αἱρουμενονς
489 2955 595 3024 πλάνην
619 2955 753 3026 μηδεμίαν
782 2965 853 3024 ἔχειν
883 2967 1038 3042 παρρησίαν

296 3021 312 3092 ἢ
335 3023 429 3078 ἄδειαν
452 3021 520 3090 καθ’
546 3023 704 3092 οἱανδήποτε
727 3027 773 3092 τῆς
789 3023 859 3080 καθ’
879 3023 945 3096 ἡμας
962 3027 1036 3082 πολι·

298 3099 371 3146 τείας
395 3091 498 3166 διάγειν
522 3093 622 3150 τόπον·
653 3095 676 3146 εί
702 3091 734 3146 δι’
754 3113 821 3148 ποτε
845 3099 954 3166 φανεῖεν
977 3093 1037 3162 ireos

296 3159 440 3236 εὑρεθεῖεν,
457 3159 613 3232 ὑπάγεσθαι
630 3161 759 3234 κεφαλική
776 3183 802 3216 τι
824 3171 901 3236 mpla.

230 3231 262 3286 D.
285 3231 351 3284 vid.
370 3231 438 3300 Aup.
457 3229 574 3286 Boethio
593 3247 630 3288 νο.
648 3247 720 3286 cons.
793 3185 829 3302 [ir.
848 3237 897 3286 487
914 3233 957 3286 vel
974 3233 1035 3302 tto]

266 3297 303 3356 12
322 3295 698 3386 2[ΑὐτοκράτοροςἽσυστῖνος
710 3295 1035 3372 καίἸιίνστινιανόςΑΑ.]

230 3405 387 3422 .......
409 3369 471 3420 Τοὺς
495 3367 640 3442 αιρετικοός
662 3363 734 3438 ἡμεῖς
756 3371 807 3438 μίν
830 3365 874 3420 διὰ
894 3369 974 3420 aciae
992 3375 1035 3420 καὶ

230 3441 347 3490 συνιέναι
364 3439 409 3488 καί
427 3441 609 3510 προσηγορίαν
626 3439 696 3504 ἐχειν
714 3433 788 3488 ἰδίαν
805 3435 1035 3510 συνεχωρήσαμεν,

230 3681 258 3744 (il
278 3681 306 3730 ιίε
324 3699 343 3730 c.
359 3689 389 3742 11,
407 3679 473 3742 qaod
489 3681 584 3730 restitui
600 3699 628 3730 en
646 3679 673 3728 B
686 3679 736 3742 1,1,
747 3689 783 3742 29,
802 3679 863 3730 idem
881 3681 948 3744 quod
958 3699 1035 3746 supra

230 3749 258 3798 de
276 3767 294 3798 e.
311 3759 323 3798 a
341 3747 466 3798 dicendum
485 3757 520 3798 est
587 3747 621 3810 (2)
640 3747 980 3812 e·1tearatinBl,1,3ot
999 3749 1035 3800 in·

229 3817 380 3882 scriptionem
403 3817 499 3866 restitui
519 3833 548 3866 ea
571 3835 590 3866 e.
610 3825 636 3866 id
665 3821 677 3876 i
697 3825 710 3866 4
728 3817 750 3864 lt.
770 3825 801 3866 t..·
828 3819 897 3882 apud
920 3817 979 3868 Hal.
1001 3825 1036 3866 est

230 3883 285 3948 imp.
308 3883 460 3934 iustinianus
482 3899 504 3932 a.
528 3883 681 3932 demostheni
701 3897 756 3948 pp:
779 3903 842 3948 qnae
865 3885 917 3934 nisi
934 3887 1035 3948 sumpsit

230 3969 258 4002 ea
274 3971 293 4002 c.
312 3963 346 4016 ts,
364 3971 390 4004 eo
409 3953 505 4016 ducant,
531 3963 558 4002 nt
577 3951 719 4018 suppleatur
737 3949 901 4022 Δημοσθένη
924 3947 1032 4022 ἐπάρχῳ

263 4221 297 4278 11
319 4221 470 4286 Sensimus,
494 4227 525 4276 at
547 4221 594 4292 pai
606 4221 792 4294 perniciosum
809 4219 1032 4278 Manichaeorum

227 4305 345 4344 errorem
362 4289 562 4362 amplectuntur
583 4289 685 4344 nnllam
707 4291 869 4360 facultatem
887 4295 936 4344 aut
953 4289 1032 4344 licen-

229 4357 291 4410 tiam
313 4357 431 4414 habeant
452 4359 481 4410 in
499 4357 623 4438 quolibet
644 4365 756 4412 nosaae
772 4359 954 4430 reipublicae
971 4357 1031 4412 loco

228 4425 388 4482 commorari
414 4431 454 4492 et,
479 4443 503 4480 ει
530 4425 640 4496 quando
663 4427 846 4498 apparuerint
866 4427 909 4482 nel
932 4425 1033 4482 incenl'

226 4493 338 4560 suerint,
357 4495 471 4566 capitali
483 4509 577 4572 poena
589 4493 755 4566 plectantur.

263 4559 300 4618 12
318 4563 407 4638 Impp.
425 4561 548 4618 Imauus
565 4569 593 4616 et
608 4561 778 4618 lastinianus
789 4563 845 4618 ΛΑ.
880 4561 1033 4618 Haereticis

188 4693 189 4698 η
227 4627 285 4684 ideo
307 4629 450 4686 conoenire
466 4637 494 4686 et
503 4629 651 4704 propriam
674 4629 918 4686 denominationem
935 4629 1032 4686 bahem

224 4701 408 4766 perminimae,
439 4705 470 4754 at
489 4699 642 4770 patientiae
667 4705 778 4754 norbae
802 4699 910 4770 pudere
935 4703 1032 4770 sponte

230 4767 241 4816 t
275 4767 467 4840 resipiscerent
496 4773 523 4822 et
551 4767 588 4822 ad
613 4767 727 4822 meliora
751 4773 930 4822 revertantur.
974 4763 1032 4818 Eos

210 4839 313 4890 ,autem
344 4833 523 4890 intolerabilis
554 4833 672 4890 audacia
701 4835 803 4892 incant
830 4839 858 4890 et
887 4851 915 4888 se
944 4833 1031 4906 lepum

225 4905 364 4960 sancdene
380 4903 504 4974 περίεστι
521 4903 624 4958 militiis
638 4905 814 4968 intruserant,
833 4919 948 4974 puerum
965 4899 1032 4956 tales

226 4965 345 5028 homines
355 4971 510 5052 participes
523 4971 588 5040 fieri
603 4971 664 5094 ipsa
681 4971 1031 5050 imperialiumformarum

227 5037 240 5088 2
280 5039 361 5094 caba
386 5041 534 5112 manifesto
555 5055 612 5112 pro
632 5039 711 5094 ibent.
755 5039 917 5094 Haeremus
942 5041 1031 5094 autem

225 5103 344 5178 reliquos
367 5123 459 5164 omnes
484 5123 624 5172 vocamus,
650 5107 723 5164 uelat
743 5107 925 5162 exsecrabiles
941 5103 1030 5160 Mani·

226 5169 322 5250 chaeos
340 5175 441 5296 pulpae
458 5175 616 5254 hismenias
632 5181 703 5242 sunt,
728 5175 829 5248 quippe
846 5191 916 5256 quos
932 5191 966 5228 ne
982 5189 1033 5252 nfr-¹

226 5245 322 5298 maeri
339 5261 386 5316 pm
406 5259 447 5296 em
464 5241 508 5298 lae
526 5249 659 5298 terrarum
680 5261 767 5314 neque
785 5259 893 5298 amarae
911 5257 1031 5312 conspuet

226 5323 339 5434 propp
360 5311 1031 5450 btttttttttadbttltltttttttti:

226 5457 294 5512 mus,
326 5449 366 5502 ita
392 5451 420 5502 et
442 5445 544 5516 capelli
569 5421 683 5518 oportet'
703 5463 789 5520 αεηιιε
814 5463 911 5502 nomen
937 5463 1030 5502 eorum

225 5525 383 5628 ηαειαηααω
411 5511 528 5568 tolerare
551 5529 600 5568 nee
619 5517 853 5586 praetermittere,
884 5515 909 5568 si
938 5513 1030 5568 eodem

236 5595 285 5636 oco
306 5601 367 5638 cam
390 5581 453 5636 aliis
476 5579 527 5634 bac
543 5581 680 5652 impietate
695 5583 816 5654 infectas
832 5589 960 5648 moretur,
983 5579 1032 5636 sed

225 5647 305 5704 ctiam
321 5649 416 5706 ultimo
433 5645 567 5726 supplicio
584 5649 670 5704 subici
686 5649 888 5718 Manichaeum,
911 5651 1029 5706 ubicum-

226 5715 242 5766 4
274 5733 327 5788 que
345 5723 479 5774 terrarum
494 5719 618 5770 enecatus
633 5717 728 5786 fuerit.
764 5719 806 5774 Dc
817 5719 930 5790 reliquis
941 5721 1029 5772 autem

227 5777 381 5854 hmreticis,
414 5787 603 5856 cuiuscumque
631 5785 735 5838 aroris
759 5787 803 5842 vel
825 5787 942 5840 nominis
966 5787 1032 5838 sunt

1095 507 1139 556 ἵνα
1157 501 1206 570 τήν
1223 509 1365 576 καρτερίαν
1383 503 1459 574 ἡμῶν
1476 507 1665 576 αἰσχυνθέντες
1685 505 1898 580 σωφρονήσωσιν

1097 579 1107 624 i
1145 573 1248 626 ἑκόντες
1271 575 1314 622 καί
1338 573 1403 640 πρὸς
1426 573 1459 628 ccl
1482 577 1581 630 καλλίω
1598 573 1795 648 μεταβάλωσιν.
1835 575 1897 630 Τοὺς

1095 639 1124 692 δὲ
1148 639 1259 706 sicilie
1278 655 1317 690 τις
1343 641 1389 694 οὐκ
1411 639 1507 712 άνεκτή
1529 645 1623 716 τόλμα,
1645 649 1689 698 καί
1712 645 1758 710 τῆς
1778 645 1836 712 affin
1853 641 1896 696 νό·

1093 729 1155 776 μων
1180 705 1380 776 οἰμελήσαντας3
1397 713 1575 786 παραγγελίας
1592 717 1756 790 στρατείαις,
1784 713 1824 766 ὡν
1850 711 1896 766 οὐκ

1095 777 1144 842 iii⁴
1166 779 1286 844 μετεῖναι
1308 779 1362 828 τοῖς
1385 775 1512 834 τοιούτοις
1535 781 1602 838 αὐτὰ
1622 779 1897 850 reconpensante

1095 843 1237 914 συμβόλων
1267 839 1343 908 δηλοῖ
1372 843 1527 914 γράμματα,
1561 849 1763 922 ιτοιοενε”βίαλον5
1794 843 1896 904 androclo.

1095 917 1109 966 2
1144 909 1299 984 Αίρετικοίις
1324 909 1353 964 δὲ
1376 909 1505 980 καλοῦμεν
1528 917 1588 972 τούς
1601 905 1709 986 άλλως,
1733 915 1768 972 αῖς
1790 915 1851 972 τούς
1868 937 1898 990 γε

1094 985 1257 1054 καταράτους
1283 985 1447 1044 Μανιχαίονς
1472 987 1516 1032 καί
1541 985 1601 1038 τοὺς
1627 987 1729 1042 τούτοις
1757 985 1897 1058 nepaesin-

1094 1057 1176 1116 σίονς,
1201 1047 1262 1102 οὐδὲ
1286 1045 1470 1116 ὀνομάζεσθαι
1511 1053 1558 1104 οὗν
1577 1053 1662 1124 ταάτη
1680 1055 1741 1110 δέον
1757 1053 1820 1110 οὐδὲ
1836 1059 1897 1126 pnl-

1094 1119 1197 1170 νεσθαί
1217 1137 1269 1172 που
1292 1113 1431 1170 παντελεῖς
1447 1113 1476 1170 oi
1496 1121 1509 1168 vi
1524 1113 1701 1192 xpainecu‘oin
1718 1121 1753 1180 ἂν
1770 1123 1896 1196 ἐφάψων-
1938 1165 1939 1168 ,

1094 1191 1108 1242 3
1136 1205 1189 1240 ται.
1220 1183 1296 1238 Ἀλλά
1313 1183 1372 1236 τούς
1391 1187 1441 1252 μίν
1451 1191 1623 1252 Μανιχαίους,
1643 1187 1734 1246 ιῖίσπεο
1748 1193 1896 1268 εἰρήκαμεν,

1093 1249 1165 1308 circo
1182 1261 1227 1308 nai
1244 1251 1446 1308 ἀπελαύνεσθαι
1457 1251 1550 1306 δεῖκαὶ
1562 1253 1631 1322 μηδὲ
1647 1257 1697 1326 τήν
1714 1245 1897 1338 προσηγορίαν

1094 1321 1185 1376 αὐτῶν
1211 1319 1264 1376 sirac
1286 1327 1355 1374 ε’νειν
1380 1317 1482 1390 μηδένα
1508 1319 1575 1392 μηδὲ
1601 1329 1740 1398 περιορᾶν,
1766 1333 1840 1402 εἴπερ
1868 1333 1897 1380 ἐν

1092 1395 1131 1458 τῷ
1160 1387 1233 1458 αὐτῷ
1261 1343 1347 1464 διάγοι
1372 1393 1428 1442 τοῖς
1452 1387 1538 1444 ἄλλοις
1559 1387 1574 1444 ὁ
1598 1391 1647 1458 τήν
1670 1391 1771 1448 ἀθεῖαν
1795 1397 1897 1464 ταύτην

1092 1457 1206 1524 νοσήσας
1226 1457 1382 1530 ἄνθρωπος,
1406 1455 1473 1510 ἀλλά
1489 1463 1533 1512 καὶ
1555 1463 1612 1512 ταῖς
1629 1461 1664 1512 είς
1684 1463 1798 1526 ἔσχατον
1815 1485 1896 1534 τιμω-

1092 1533 1161 1600 ρίαις
1184 1523 1338 1598 ὑπάγεσθαι
1361 1525 1410 1578 τὸν
1428 1521 1547 1594 όπονδίγ6
1565 1529 1611 1600 γῆς
1629 1527 1792 1598 φαινόμενον
1810 1539 1896 1586 Μανι-

1093 1603 1115 1666 4υ
1142 1599 1227 1662 χαῖον.
1265 1593 1325 1648 Ἐπί
1349 1591 1378 1646 δὲ
1400 1599 1455 1646 τοῖς
1478 1593 1564 1648 ἄλλοις
1586 1595 1616 1648 ai
1631 1601 1731 1662 ετικοῖς,
1753 1595 1846 1654 ὁποίας
1863 1597 1897 1652 εῖν

1093 1667 1146 1716 cici
1162 1679 1228 1716 ποτε
1245 1659 1346 1728 πλάνης
1362 1659 1380 1728 ἢ
1396 1671 1572 1736 προσηγορίας
1581 1665 1727 1736 (αιρετικόν
1740 1665 1791 1740 γάρ
1806 1665 1897 1720 πάντα

1091 1729 1234 1796 καλοῦμεν,
1256 1725 1330 1782 δστις
1351 1731 1389 1800 μὴ
1410 1731 1455 1798 ripe
1476 1731 1621 1800 καθολικῆς
1638 1731 1773 1800 ἐκκλησίας
1790 1737 1897 1800 καὶτῆς

1091 1797 1241 1868 όρθοδόξον
1267 1803 1311 1850 καί
1337 1795 1412 1870 άγίας
1432 1795 1509 1866 ήμαῖν
1531 1797 1641 1874 ὑπάρχει
1664 1805 1804 1870 πίστεως),
1831 1799 1897 1856 illd

1101 1869 1144 1934 ιήν
1173 1869 1217 1918 καί
1247 1871 1301 1918 τοῖς
1329 1871 1380 1932 τήν
1406 1867 1557 1920 unledane
1581 1875 1755 1944 πειρωμένοις
1781 1869 1897 1938 εἰσάγειν

1092 1933 1194 2002 Ἐλλησι
1217 1939 1260 1986 καί
1284 1935 1324 1988 ἔτι
1346 1941 1402 1988 τοῖς
1416 1931 1551 1990 Ἰουδαίοις
1573 1943 1617 1990 καὶ
1640 1943 1694 1992 τοῖς
1716 1941 1897 2010 Σαμαρείταις

1091 2001 1137 2058 οὐκ
1158 1999 1365 2068 ἀνακτήσασθαι
1388 2003 1472 2072 μόνον
1494 2003 1528 2058 τά
1551 2007 1609 2058 τοῖν
1629 2003 1679 2072 ἤδη
1703 2011 1833 2074 κειμένων
1853 2003 1896 2060 νό·

1089 2091 1152 2142 μων
1177 2069 1332 2140 συνοίδαμεν
1358 2077 1402 2124 καὶ
1429 2073 1539 2140 ποιῆσαι
1564 2075 1604 2142 cni
1633 2075 1683 2126 νῦν
1707 2073 1796 2142 τούτῳ
1820 2073 1896 2144 νόμον

1089 2139 1260 2212 βεβαιότερα,
1295 2135 1360 2192 ἀλλὰ
1393 2137 1569 2214 διορίσασθαι
1595 2147 1638 2194 καὶ
1664 2141 1762 2206 πλείω,
1790 2139 1826 2196 δι’
1856 2143 1896 2196 ὡν

1090 2205 1221 2280 ἀσφάλεια
1239 2211 1289 2276 μὲν
1312 2213 1452 2290 περιέσται
1473 2211 1575 2278 μείζων
1592 2217 1637 2262 καί
1659 2209 1755 2280 κόσμος
1772 2217 1816 2262 καί
1832 2209 1896 2280 τιμὴ

1091 2285 1104 2332 5
1140 2281 1194 2328 τοῖς
1211 2277 1256 2342 τῆς
1273 2273 1320 2328 ecla
1337 2295 1380 2330 ους
1397 2273 1474 2346 ἡμῶν
1490 2283 1628 2346 μετέχουσι
1642 2285 1764 2334 πίστεως.
1791 2281 1896 2332 Αίσθό

1091 2345 1160 2400 σθαι
1187 2339 1218 2396 δὲ
1242 2295 1353 2418 incipiat
1379 2347 1470 2410 πᾶσιν,
1497 2347 1605 2416 ἔφαμεν,
1637 2343 1680 2400 ότι
1706 2353 1760 2400 τοῖς
1784 2347 1822 2416 μὴ
1847 2345 1894 2400 τόν

1089 2411 1159 2468 θεὸν
1181 2409 1273 2480 ὀρθῶς
1295 2415 1473 2486 προσκυνοῦσι
1494 2419 1538 2466 καὶ
1561 2415 1595 2466 τά
1625 2417 1683 2468 ταῖν
1705 2413 1895 2490 ἀνθρωπίνων

1090 2489 1105 2538 6
1139 2475 1257 2564 άγακθαῖν
1274 2483 1404 2548 ίπέχεται.
1436 2479 1540 2536 Οὐδένα
1553 2489 1645 2536 τοίνυν
1655 2487 1713 2538 ταῖν
1729 2481 1779 2550 ήδη
1797 2485 1895 2568 insipir-

1067 2615 1068 2618 Ἴ
1088 2571 1146 2604 των
1169 2569 1230 2602 αντε
1251 2555 1373 2618 μετέχειν
1389 2547 1541 2636 άξιιόματος
1563 2551 1695 2616 καθάπαξ
1711 2549 1817 2606 οὐδενὸς
1835 2571 1896 2606 onae

1090 2619 1180 2686 ζώνην
1203 2617 1415 2692 περιβάλλεσθαι
1438 2639 1500 2672 occe
1520 2619 1659 2688 πολιτικὴν
1679 2619 1740 2674 οὔτε
1763 2637 1894 2704 στρατιω-

1088 2685 1165 2754 τικήν
1188 2685 1249 2740 circ
1272 2689 1308 2740 είς
1328 2685 1407 2750 τάξιν
1422 2685 1509 2742 τελεῖν
1526 2685 1661 2758 οὐδεμίαν,
1685 2689 1756 2756 πλήν
1775 2709 1821 2756 της
1837 2691 1896 2742 ταῖν

1088 2753 1260 2824 καλουμένων
1283 2753 1465 2828 κοορταλίνων
1490 2755 1584 2826 (radan
1601 2755 1651 2830 γάρ
1676 2761 1704 2810 ἐκ
1724 2763 1815 2846 γε’νους
1831 2753 1895 2812 ὑπο-

1088 2829 1220 2892 κειμένους
1237 2819 1332 2876 αιῖτοίις
1349 2825 1491 2888 ἐνέχεσθαι
1508 2813 1664 2896 βουλόμεθα
1671 2829 1688 2890 7,
1715 2823 1785 2880 nicae
1801 2831 1894 2896 με’νον-

1088 2909 1136 2946 τας
1154 2889 1247 2944 αὐτοὺς
1265 2889 1311 2946 ἐπ’
1331 2889 1411 2976 αὐτῆς
1427 2897 1472 2944 καί
1488 2891 1578 2946 πάντα
1593 2893 1759 2966 πληροῦντας
1773 2895 1803 2958 ἐξ
1815 2891 1894 2966 ἀνάγ-

1088 2977 1133 3028 κης
1149 2963 1193 3012 καὶ
1210 2961 1266 3012 πᾶν
1283 2957 1362 3034 βάρος
1379 2965 1573 3030 υπομένοντας,
1592 2955 1658 3036 ὅπερ
1677 2965 1735 3016 ἔστι
1752 2965 1799 3030 τῆς
1817 2959 1895 3028 cinips

1088 3033 1240 3110 στρατείας,
1265 3027 1404 3110 εἴργεσθαι
1425 3031 1506 3084 τοῦτο
1524 3033 1574 3100 μὲν
1591 3033 1738 3102 προκοπῆς,
1762 3033 1841 3084 τοῦτο
1865 3029 1895 3082 δὲ

1087 3117 1134 3150 του
1166 3093 1234 3148 κατὰ
1259 3115 1317 3150 των
1343 3093 1503 3170 όρθοδόξων
1529 3099 1703 3172 Χριστιανῶν
1729 3099 1893 3168 ἐκβιβασμαῢ

1088 3163 1225 3234 δημοσίων
1241 3169 1285 3216 καί
1304 3161 1450 3218 ίδιωτικαῖν
1467 3169 1557 3218 ἕνεκεν
1573 3167 1668 3234 poeria)
1682 3165 1892 3240 προστάττομεν.

1086 3237 1132 3300 τῆς
1150 3233 1179 3294 ἐξ
1197 3229 1289 3284 αὐταῖν
1304 3235 1383 3304 γονής
1398 3229 1572 3304 ιλποκειμίνης
1589 3213 1712 3300 δηλονότι
1729 3237 1762 3308 τῇ
1781 3235 1893 3300 τοιαύτη

1086 3301 1159 3372 τάχη,
1184 3303 1227 3352 καί
1249 3297 1341 3354 αὐταῖν
1357 3305 1456 3368 μέντοι,
1475 3303 1500 3354 εί
1514 3303 1614 3372 μεταξίι
1637 3299 1782 3356 διαλαθεῖν
1799 3289 1892 3370 ἠδυνή-

1086 3371 1191 3438 θησαν,
1215 3369 1251 3420 είς
1273 3369 1375 3436 ταύτην
1397 3365 1545 3442 ἀγομένων.
1585 3375 1614 3424 ἐκ
1635 3373 1681 3438 'circ
1703 3375 1783 3438 κακῆς
1800 3367 1892 3424 αὐτῶν

1087 3445 1101 3492 l
1137 3433 1213 3504 δόξης
1238 3439 1308 3504 ἔχειν
1334 3435 1395 3490 τινὰ
1418 3441 1608 3512 παραίτησινί.
1655 3437 1719 3492 Teis
1739 3437 1770 3492 δι’
1797 3435 1893 3494 αὐτους

1086 3681 1274 3750 πραιτωρίων,
1298 3697 1348 3728 cum
1376 3677 1477 3728 Graecis
1502 3679 1706 3728 constitutionibus
1725 3675 1831 3728 Latinae
1855 3681 1891 3728 in-

1085 3749 1227 3812 scriptiones
1236 3765 1282 3798 non
1296 3757 1481 3812 praeponantur
1549 3747 1581 3810 [3]
1595 3739 1773 3812 ἀμελήσαντες
1782 3747 1893 3796 Hercher

1085 3813 1117 3878 (4)
1130 3807 1321 3864 ὡνοιῖκέτιεει.
1358 3813 1391 3882 (5)
1400 3809 1585 3884 παρενέβαλεν
1595 3815 1693 3864 Seboell
1726 3807 1892 3878 (6]όποιδήΒ

1085 3885 1117 3946 (i)
1136 3885 1209 3934 uerba
1227 3893 1330 3934 extrema
1349 3887 1386 3942 §t
1405 3881 1434 3930 ἐκ
1448 3881 1494 3946 τῆς
1570 3885 1735 3952 παραίτησιν
1748 3881 1892 3948 pretermissis

1085 3953 1129 4002 nai
1145 3945 1182 4016 μή
1201 3951 1291 4002 colloca
1305 3961 1363 4016 posi
1378 3957 1413 4010 §t
1432 3953 1493 4004 med.
1510 3945 1667 4016 βουλόμεθα

1583 4105 1884 4114 „effla-..w—

1083 4219 1264 4288 (haereticum
1292 4219 1362 4272 enim
1397 4235 1536 4284 vocamus,
1567 4217 1674 4290 quicum
1694 4233 1728 4272 ae
1760 4233 1816 4272 noa
1850 4221 1893 4272 est

1083 4285 1209 4342 addictus
1226 4285 1376 4340 catholicae
1393 4287 1521 4342 ecolesma
1539 4293 1566 4342 et
1577 4285 1656 4340 crtho
1677 4303 1750 4340 oaac
1767 4291 1890 4342 sanctae-

1083 4353 1216 4428 quenda
1232 4355 1368 4422 norbae),
1390 4355 1456 4426 quin
1473 4353 1554 4410 etiam
1571 4353 1604 4410 de
1616 4353 1747 4428 papanis,
1765 4353 1812 4426 qui
1823 4355 1860 4426 pl
1879 4385 1889 4394 -·

1082 4423 1152 4478 riam
1178 4419 1289 4476 deornm
1315 4421 1415 4476 cultum
1436 4423 1608 4478 introducere
1630 4427 1775 4494 temptant,
1807 4423 1890 4476 etde

1082 4491 1194 4546 Ιιιάσείε
1220 4497 1248 4544 et
1271 4489 1416 4546 Samaritis
1440 4509 1496 4546 nea
1520 4491 1608 4554 salum
1640 4491 1665 4546 le
1683 4507 1712 4546 es
1736 4491 1791 4544 iam
1818 4491 1890 4546 latas

1082 4557 1269 4630 redinteprare
1292 4559 1323 4614 in
1346 4559 1437 4614 animo
1463 4565 1505 4614 est
1529 4563 1556 4614 et
1582 4559 1634 4614 bac
1659 4509 1718 4630 hee
1743 4557 1890 4614 calidiores

1082 4625 1208 4692 reddere,
1230 4625 1279 4682 sed
1298 4629 1380 4682 etlam
1396 4627 1482 4708 plara
1505 4629 1663 4700 disponere,
1687 4625 1785 4698 quibas
1800 4627 1889 4680 maier

1081 4695 1214 4752 securitas
1243 4695 1332 4750 bonor
1364 4695 1528 4752 existimatio
1553 4701 1665 4752 sanctae
1687 4695 1754 4764 fidei
1778 4701 1889 4750 nocuae

1082 4769 1096 4818 5
1126 4763 1311 4836 participibus
1334 4765 1392 4818 erit.
1435 4763 1655 4820 Animaduertere
1679 4767 1769 4818 autem
1798 4779 1888 4818 omnes

1076 4837 1209 4904 possunt,
1239 4837 1271 4886 al
1301 4831 1434 4898 discimus,
1465 4849 1512 4886 ens
1543 4833 1590 4902 qui
1621 4831 1699 4888 deum
1730 4847 1786 4884 noa
1815 4837 1888 4886 recte

1082 4907 1097 4956 6
1132 4905 1293 4956 neamantnr
1302 4899 1383 4954 edam
1398 4899 1569 4956 terrestribus
1577 4899 1656 4956 bonis
1660 4899 1778 4980 privari.
1796 4895 1887 4972 Sapra

1082 4969 1215 5022 dictorum
1245 4969 1331 5038 ipitar
1371 4985 1530 5040 quemquam
1563 4969 1607 5024 uel
1639 4965 1798 5040 depellentem
1829 4965 1887 5020 adi·

1076 5037 1151 5108 pisci
1181 5037 1223 5092 ael
1248 5037 1384 5108 cinpulum
1415 5043 1464 5090 aut
1494 5037 1570 5094 ciuile
1601 5043 1650 5092 ant
1673 5035 1791 5090 militare
1819 5049 1886 5088 nan-

1082 5103 1146 5160 cisci
1176 5103 1218 5160 uel
1243 5103 1279 5160 ad
1305 5103 1425 5160 ordinem
1457 5121 1647 5176 quemeumque
1671 5103 1812 5176 pertinere
1843 5117 1886 5156 ne-

1082 5179 1170 5228 tamus
1194 5173 1248 5226 nisi
1277 5171 1456 5226 cohortalium
1482 5173 1530 5244 qui
1556 5173 1698 5228 dicuntur:
1728 5169 1791 5226 huie
1816 5169 1886 5224 enim

1081 5259 1118 5296 ecc
1148 5241 1254 5354 eripiar
1277 5241 1411 5296 subiectos
1435 5257 1482 5296 eos
1508 5241 1592 5296 teneri
1616 5239 1739 5296 colamus
1766 5235 1886 5316 [neque]

1081 5325 1118 5364 ere
1142 5325 1215 5362 mna
1237 5307 1293 5378 lide
1317 5325 1368 5364 saa
1385 5307 1587 5364 excasationem
1610 5307 1722 5372 hahere,
1748 5311 1780 5360 nt
1800 5321 1830 5358 ιιι
1853 5317 1884 5358 ee

1081 5381 1218 5430 manentes
1242 5383 1269 5432 et
1293 5377 1382 5432 omnia
1406 5375 1559 5432 necessario
1591 5375 1731 5448 implentes
1756 5387 1886 5442 omneque

1082 5459 1150 5498 onas
1173 5443 1247 5514 qaod
1267 5445 1325 5498 eins
1340 5445 1453 5500 militiae
1475 5449 1516 5498 est
1531 5443 1673 5498 mbeuntes
1684 5439 1885 5514 prohibeantur

1081 5517 1135 5566 tam
1158 5513 1363 5582 apremotione
1383 5529 1464 5584 paam
1482 5511 1515 5566 ab
1538 5511 1710 5586 exsecatione
1727 5511 1823 5562 cenna
1841 5523 1884 5562 or·
1925 5531 1927 5534 ·

1081 5577 1220 5634 thodoxos
1254 5577 1422 5636 Christianos
1452 5579 1626 5652 publicorum
1658 5579 1884 5652 punctorumque

1080 5643 1229 5700 debitorum
1260 5665 1343 5702 causa
1372 5647 1517 5718 sumenda:
1546 5643 1645 5722 subole·
1664 5641 1768 5722 scilicet
1790 5659 1884 5700 eorum

1080 5713 1165 5768 eidem
1189 5715 1258 5770 sorti
1282 5715 1436 5772 subiacente
1461 5721 1488 5768 el
1511 5715 1593 5784 ipsas,
1620 5727 1644 5762 sc
1669 5713 1776 5764 entemm
1799 5711 1884 5768 latere

1080 5787 1093 5836 ‘l
1125 5783 1281 5854 potuerint,
1302 5785 1332 5838 ia
1352 5801 1411 5838 eam
1433 5779 1576 5838 trahendis.
1612 5775 1693 5850 Ipsos
1714 5783 1803 5834 autem
1820 5781 1880 5838 hae·
