4258 6258
239 355 269 422 ll
292 357 415 422 55--58

1043 345 1098 420 tlt

1623 369 1669 420 DE
1691 369 1901 422 densandae

921 447 1221 462 Ἣ

239 541 320 598 veluti
345 543 419 614 pacti
443 539 577 610 generari,
605 537 653 594 sed
677 537 756 594 etiam
784 537 868 592 actori
896 551 929 590 cx
950 545 1042 594 nostro

238 611 346 668 numine
371 611 399 666 in
425 609 525 662 iactum
551 607 695 672 actionem,
722 613 852 676 quatenus
875 605 960 674 possit
982 623 1042 660 sen-

238 681 323 736 tentia
341 679 396 734 eius
416 675 578 732 exsecutioni
596 675 724 742 mandari,
743 675 805 732 sed1
823 675 851 728 in
868 675 920 728 bac
938 675 1043 744 quidem

237 749 311 816 regia
332 745 438 800 civitate
461 745 495 800 ab
514 745 602 800 officio
620 745 843 800 eminentissimae
850 741 1042 864 praefecturae

237 819 278 872 vel
305 815 369 880 eius,
397 813 472 868 cuius
497 813 584 868 forum
613 829 675 882 pars
702 813 822 882 sequitur
862 811 987 880 ugientis,
1014 813 1042 866 in

1379 537 1461 604 nvn
1484 543 1612 620 (nvnn.

1093 645 1139 696 DE
1164 643 1336 696 nonnanis
1367 643 1696 762 ETvaJiifflrRsffloNE
1724 643 1902 696 ACTIONUM

1128 813 1142 870 1
1163 813 1206 868 Im
1221 831 1253 884 p.
1273 811 1447 866 Constantius
1470 815 1497 866 et
1515 807 1648 866 Constans
1665 813 1720 868 ΛΑ.
1739 809 1901 866 Marcellino

236 881 380 954 provinciis
403 887 491 936 autem
512 887 566 936 tam
591 897 638 952 per
659 883 839 938 moderniores
861 895 941 948 quam
959 895 1041 948 appa·
1088 881 1185 952 praest
1203 899 1212 936 r
1229 879 1373 936 Pdoeuicc.
1407 879 1476 936 luris
1498 879 1629 934 formulae
1650 879 1832 950 aucupatione
1850 881 1903 948 syl-

237 953 347 1006 ritiones
365 965 464 1016 corum,
482 951 523 1004 vel
538 951 707 1020 periodicas,
726 963 839 1018 quorum
852 947 1041 1016 regimenpars
1092 949 1214 1004 labarum
1229 949 1384 1006 insidiantes
1402 951 1561 1004 cunctorum
1579 949 1683 1002 actibus
1698 947 1828 1002 radicitus
1847 963 1902 1002 am-

240 1027 250 1074 1
287 1017 459 1088 pertimescat
480 1019 595 1086 pulsata.
637 1019 684 1074 Sin
703 1019 796 1072 'autem
813 1017 919 1070 minime
937 1017 1042 1086 quidem

236 1094 300 1158 post
320 1083 480 1142 sentetitiant
502 1087 710 1156 subscripserint
732 1083 826 1140 arbitri
851 1083 963 1140 formam
986 1101 1041 1140 am-

236 1155 330 1226 plecti,
359 1156 405 1212 sed
431 1155 536 1212 silentio
563 1173 622 1212 eam
645 1151 829 1210 roboraverint
852 1157 879 1206 et
900 1167 954 1206 non
971 1153 1042 1208 intra

237 1225 328 1278 decem
351 1223 406 1278 dies
429 1225 561 1292 proximos
587 1219 722 1278 attestatio
746 1221 827 1276 missa
844 1221 926 1276 fuerit
943 1221 983 1276 vel
1000 1221 1041 1276 iu·

237 1293 290 1346 dici
315 1293 356 1346 vel
383 1293 540 1348 adversariis
566 1293 600 1346 ab
624 1291 754 1344 alterutra
776 1293 864 1356 parte,
890 1305 939 1358 per
963 1305 1042 1358 quam

236 1359 424 1416 manifestum²
446 1361 495 1416 fiat
518 1359 696 1416 definitionem
719 1373 773 1412 non
795 1373 854 1412 esse
880 1373 923 1412 am
943 1359 1041 1412 lacten-

237 1431 311 1494 dam,
337 1435 402 1484 tunc
428 1431 533 1486 silentio
563 1427 680 1496 partium
707 1425 864 1480 sententiam
890 1377 1041 1482 roDoratam

236 1511 296 1554 esse
320 1503 347 1552 et
370 1497 481 1568 fugienti
504 1495 686 1566 exceptionem
708 1499 735 1548 et
757 1495 846 1564 agenti
869 1499 1042 1550 memoratam
1088 1495 1152 1566 poli
1171 1495 1261 1552 Tauro
1280 1501 1307 1550 et
1323 1495 1413 1550 Felice
1430 1511 1516 1550 conss.

237 1569 252 1620 2
293 1567 425 1622 actionem
448 1569 606 1634 compatere.
647 1563 742 1618 Altera
764 1569 854 1618 autem
871 1569 949 1632 parte
966 1579 1041 1618 recu·

236 1639 313 1692 sante
334 1635 480 1690 seeundum
503 1631 654 1702 praefatum
674 1631 782 1686 modum
803 1637 831 1686 et
851 1631 961 1700 implere
986 1635 1041 1686 sta-

236 1707 294 1758 tuta
315 1703 421 1758 minime
443 1701 566 1770 cupiente
590 1701 655 1754 nihil
671 1699 729 1754 fieri
746 1699 939 1770 praeiuditium
957 1715 1041 1768 neque

236 1773 295 1840 pari
317 1773 359 1826 vel
382 1771 564 1840 exceptionem
587 1785 632 1824 reo
656 1769 697 1824 val
719 1767 804 1824 actori
827 1769 972 1834 actionem,
996 1783 1041 1822 ex-

236 1841 320 1908 ceptis
337 1839 459 1896 videlicet
475 1835 591 1904 arbitris,
610 1837 655 1904 qui
668 1853 729 1890 eum
743 1837 904 1892 sacramenti
916 1837 1043 1906 religione

236 1907 314 1962 electi
336 1913 399 1962 sunt
422 1905 566 1962 secundum
589 1905 719 1960 novellam
741 1905 827 1960 nostri
844 1905 960 1960 numinis
978 1919 1041 1960 con-

236 1977 429 2032 stitutionemi:
448 1981 513 2028 tnnc
527 1975 623 2028 etenim
633 1989 666 2028 ea
680 1973 767 2028 omnia
780 1973 886 2038 servari,
907 1989 975 2040 quae
985 1973 1041 2040 lege

235 2049 327 2100 nostra
362 2061 442 2114 super
477 2041 628 2098 huiusmodi
662 2041 798 2096 audientia
832 2041 940 2096 delinita
970 2047 1039 2096 sunt.

236 2117 250 2168 3
269 2115 305 2180 (1)
339 2111 417 2166 Licet
434 2127 488 2166 non
504 2111 657 2180 ignoramus
674 2109 735 2164 Iulii
751 2109 830 2164 Pauli
848 2109 997 2178 opinionem
1016 2115 1042 2164 et

235 2181 348 2234 aliorum
369 2179 540 2250 prudentium
564 2181 721 2244 certarunt
749 2177 795 2248 qui
816 2179 961 2246 tetigerunt
983 2177 1041 2246 qni-

234 2249 293 2304 dem
310 2247 462 2304 huiusmodi
479 2249 672 2318 quaestionem,
697 2263 776 2316 quam
793 2247 821 2300 in
839 2247 975 2316 praesenti
992 2245 1040 2300 ad-

233 2317 380 2386 gredimur,
404 2333 459 2372 non
482 2323 570 2372 autem
595 2315 787 2386 perfectissime
803 2319 970 2384 peragerunt,
993 2315 1041 2370 sed

233 2401 318 2454 usque
347 2385 381 2440 ad
413 2385 542 2456 quasdam
574 2385 734 2454 temporales
767 2385 886 2438 actiones
914 2383 1041 2440 standum

233 2469 292 2508 esse
318 2453 547 2518 existimaverunt,
579 2453 683 2522 plenius
715 2457 805 2506 tamen
831 2461 858 2508 et
882 2451 1040 2520 generaliter

233 2523 371 2576 definimus
391 2525 549 2578 conventum
565 2521 593 2574 in
610 2519 717 2588 scriptis
736 2519 807 2588 apud
823 2521 1041 2588 compromissum

232 2589 346 2646 iudicem
364 2589 464 2646 iactum
482 2589 521 2642 ita
533 2589 660 2658 temporis
676 2589 897 2656 interruptionem
905 2589 1038 2652 inducere,

233 2663 294 2724 411)
323 2659 399 2727 quasi
412 2657 583 2714 inordinaria
593 2657 689 2712 iudicio
699 2657 978 2712 lisinissetinchoata.
997 2655 1040 2710 Ad

233 2727 300 2780 baec
323 2727 481 2794 generaliter
506 2725 639 2782 sancimus
664 2725 691 2778 in
710 2725 764 2790 his,
789 2741 858 2804 quae
878 2725 951 2796 apud
968 2741 1039 2778 com·

233 2795 419 2864 promissorias
443 2799 504 2850 acta
522 2799 600 2860 sunt,
623 2793 647 2850 si
668 2793 776 2862 aliquod
792 2811 820 2848 m
837 2793 938 2850 iactum
956 2793 1038 2862 respi-

233 2863 306 2918 ciens
323 2863 366 2916 vel
382 2865 533 2946 professum
551 2867 591 2916 est
608 2863 649 2916 vel
671 2865 841 2928 attestatum,
866 2877 946 2942 posse
963 2877 994 2916 eo
1013 2867 1040 2916 et

232 2931 261 2986 in
277 2931 419 2988 ordinariis
437 2931 476 2986 uti
493 2929 606 2986 iudiciis.
647 2929 681 2986 D.
705 2945 735 2984 rr
755 2929 782 2984 d.
800 2931 888 3004 Apmt.
909 2929 1039 2986 Constan-

235 2999 351 3072 tinopoli
368 2997 519 3072 Lampadio
538 3005 564 3054 et
584 2997 677 3054 Oreste
694 3015 733 3054 uo.
752 3015 789 3054 eo.
808 3015 896 3054 conss.
926 3005 960 3064 [a.
980 3003 1038 3064 530]

267 3063 285 3126 6
305 3065 380 3122 Idem
397 3069 429 3122 Λ..
447 3065 566 3122 iodonm'
578 3085 628 3140 pp.
670 3067 809 3122 Sensimus
832 3067 957 3122 muheres
974 3081 1039 3120 suae

233 3135 376 3204 pudicitiae
392 3153 520 3192 memores
538 3139 565 3190 et
584 3151 702 3204 opernm,
722 3153 789 3204 quae
806 3135 846 3192 eis
864 3141 962 3190 natura
978 3151 1037 3204 per-

232 3205 304 3258 misit
326 3209 352 3258 et
374 3221 390 3258 a
408 3205 504 3272 quibus
522 3219 567 3258 eas
585 3205 663 3258 iussit
680 3205 822 3272 abstinere,
840 3205 903 3258 licet
920 3219 1038 3260 summae

233 3279 312 3342 atque
334 3273 450 3354 optimae
474 3273 605 3342 opinionis
629 3273 791 3328 constitutae
807 3273 948 3326 arbitrium
964 3273 992 3324 in
1010 3287 1038 3326 se

232 3349 398 3410 susceperint
421 3342 475 3408 vel,
500 3341 642 3396 siluerint
665 3345 803 3408 patronae,
828 3343 912 3396 ⁵inter
929 3341 1038 3396 libertos

232 3423 308 3462 snam
331 3411 539 3480 interposuerint
565 3409 740 3474 audientiam,
768 3411 801 3464 ab
827 3409 899 3466 omni
920 3409 1039 3464 iudiciali

232 3477 334 3546 agmine
353 3477 478 3546 separari,
496 3483 528 3530 nt
542 3493 573 3532 ex
588 3477 695 3532 earum⁶
714 3478 842 3534 electione
857 3477 930 3532 nulla
943 3493 1037 3546 poena,

232 3545 306 3598 nulla
331 3545 404 3614 pacti
431 3545 551 3614 exceptio
578 3545 705 3600 adversus
736 3545 820 3600 iustos
854 3561 945 3600 eorum
974 3561 1038 3600 con·

233 3615 370 3666 ventores⁷
395 3615 535 3668 habeatur.
584 3611 618 3668 D.
646 3611 673 3668 lc.
701 3613 776 3684 Sept.
802 3611 1039 3684 Constantinopot'

228 3687 296 3754 post
312 3681 482 3738 consolatam
498 3681 644 3754 Lampadii
661 3687 688 3738 et
707 3681 825 3738 Orestae.
925 3687 959 3748 [a.
978 3687 1036 3744 5311

530 3889 597 3950 cvr
619 3889 745 3966 (cvras

495 3989 542 4040 DE
559 3989 777 4042 SATISDANDO.

266 4087 278 4146 1
307 4087 394 4170 Impp.
413 4089 601 4146 Diocletianus
624 4095 652 4146 ct
666 4087 853 4146 Maeimianus
869 4089 925 4144 aa,
944 4095 972 4146 et
989 4089 1035 4146 CC.

230 4159 292 4212 Non
309 4163 351 4212 est
366 4159 432 4214 ruris
449 4157 545 4212 incerti
562 4173 633 4224 eum,
659 4159 704 4228 qui
720 4157 792 4228 apud
809 4163 870 4212 acta
888 4157 977 4214 iactus
996 4165 1038 4214 est

230 4227 331 4296 agentis
373 4231 524 4292 recuratur,
548 4243 603 4282 non
624 4227 747 4296 compelli
770 4231 855 4280 ratam
879 4243 936 4282 rem
954 4227 1036 4284 domi-

230 4311 293 4350 num
318 4243 471 4350 baiiturum
497 4295 641 4350 satisdare:
677 4295 744 4350 thor
772 4295 840 4350 enim
866 4311 930 4350 casu
957 4297 1038 4350 veluti

229 4365 377 4434 praesentis
410 4369 611 4434 procuratorem
644 4363 802 4418 intervenire
833 4365 1038 4434 intellegendum

233 4437 243 4486 1
280 4437 329 4488 est.
372 4431 466 4500 Itaque
492 4431 543 4486 etsi
568 4435 663 4502 postea
689 4437 792 4486 mutata
815 4433 951 4488 voluntate
974 4449 1035 4500 pro-

230 4503 410 4556 curatorem¹⁰
427 4515 486 4554 esse
498 4501 621 4566 noluerit,
641 4505 729 4554 tamen
741 4499 876 4566 iudicium,
895 4517 946 4568 quo
961 4501 1038 4568 quasi

228 4575 389 4636 procurator
412 4575 537 4638 expertus
560 4575 614 4634 est,
641 4569 720 4624 iudex
737 4575 824 4622 ratum
842 4569 941 4624 babere
959 4569 1036 4624 deba·

230 4641 246 4688 2
280 4635 327 4690 bit.
364 4635 410 4690 Sin
427 4641 516 4690 antem
534 4635 558 4692 ei
575 4639 609 4692 ab
628 4637 780 4692 adversario
791 4639 810 4670 ¹¹
833 4637 957 4706 opposita
978 4637 1036 4692 iue-

229 4703 264 4756 rit
280 4703 309 4758 in
325 4705 383 4774 ipso
401 4705 456 4760 litis
474 4705 582 4760 exordio
602 4705 760 4760 defensionis
784 4705 931 4774 adlegatio,
957 4705 1037 4760 etiam

228 4769 285 4892 ipse
309 4773 384 4840 quasi
407 4773 525 4830 absentis
548 4773 576 4828 in
599 4773 650 4828 hac
672 4779 750 4842 parte
768 4779 932 4842 procurator
959 4773 1035 4828 satis·

248 4839 363 4894 ationem
394 4855 474 4910 super
507 4841 663 4912 excipienda
688 4841 735 4896 lite
759 4847 898 4910 praestare
924 4843 1035 4910 cogitur,

230 4923 282 4976 qua
295 4923 362 4986 ,non
383 4909 558 4976 praecedente
581 4911 614 4966 lis
638 4923 706 4980 quae
727 4911 752 4962 ei
769 4909 894 4964 mandata
911 4917 953 4964 est
969 4911 1035 4964 ulta-

230 4979 245 5028 3
279 4989 335 5030 rius
353 4977 497 5042 procedere
514 4995 531 5032 a
547 4977 634 5032 iudica
652 4995 705 5032 non
724 4977 885 5032 conceditur.
920 4977 970 5032 Rei
986 4993 1035 5034 au-

1092 1019 1227 1086 putentur.
1262 1017 1296 1072 D.
1312 1033 1332 1072 a
1347 1017 1374 1072 a.
1389 1017 1466 1072 Febr.
1479 1015 1637 1072 Constantio
1656 1031 1697 1072 111·
1713 1023 1740 1074 et
1758 1015 1904 1074 Constante

1093 1099 1121 1140 Π
1137 1087 1192 1140 An.
1211 1101 1298 1140 conss.
1790 1089 1824 1150 [a.
1844 1089 1902 1152 311]

1112 1149 1249 1230 ,2131111
1271 1197 1277 1206 .
1298 1153 1465 1210 lbeodosius
1488 1157 1515 1206 et
1538 1151 1744 1208 Valentinianus
1761 1151 1817 1206 Aa,
1838 1151 1902 1208 Hie-

1092 1237 1134 1274 mo
1153 1239 1204 1294 pp.
1245 1171 1319 1278 iimo
1340 1239 1451 1290 prorsus
1478 1237 1532 1276 non
1556 1221 1713 1290 impetratae
1736 1221 1850 1276 actionis
1874 1223 1902 1276 in

1091 1291 1192 1344 maiore
1214 1293 1256 1344 vel
1277 1291 1378 1346 minore
1400 1291 1498 1344 iudicio
1521 1291 1609 1358 agenti
1632 1293 1784 1370 opponatur
1807 1305 1901 1360 excep-

1091 1357 1143 1426 tio,
1166 1359 1190 1414 si
1212 1363 1303 1428 aptam
1326 1359 1365 1414 rei
1383 1365 1410 1414 et
1426 1359 1563 1428 proposito
1584 1365 1689 1424 negotio
1709 1363 1900 1428 competentem

1093 1441 1150 1480 eam
1174 1443 1233 1482 esse
1257 1427 1415 1482 constiterit.
1456 1425 1490 1482 D.
1508 1443 1531 1482 a
1553 1427 1579 1482 lc.
1604 1425 1687 1482 Mart.
1714 1425 1902 1560 Conspontirpo-

1799 1511 1823 1548 a.
1843 1501 1857 1548 t
1877 1501 1902 1562 8]

1368 1635 1465 1696 svnt
1487 1637 1622 1712 (avitu)

1092 1735 1139 1786 DE
1153 1735 1388 1794 IUREIURANDO
1397 1735 1553 1788 PROPTER
1562 1735 1770 1786 GALUMNIAM
1779 1735 1847 1784 DAN
1850 1737 1902 1790 DO.

1128 1835 1142 1894 1
1167 1833 1259 1908 ¹⁴Imp.
1280 1833 1451 1890 lastinianus
1467 1837 1498 1890 Α.
1517 1833 1692 1890 Demostheni
1704 1851 1755 1914 pp.
1794 1833 1826 1888 In
1848 1851 1902 1890 ont-

1092 1905 1170 1958 nibus
1197 1903 1299 1970 causis,
1327 1905 1382 1960 sive
1406 1909 1516 1974 propter
1542 1905 1645 1958 litteras
1670 1905 1752 1958 fuant
1774 1909 1903 1958 certatum

1092 1973 1146 2028 sive
1163 1977 1273 2042 propter
1286 1973 1461 2028 instrumenta
1477 1973 1530 2028 sive
1544 1977 1654 2054 propter
1664 1971 1806 2040 quicquam
1822 1971 1902 2038 aliud,

1091 2041 1119 2094 in
1145 2057 1197 2110 quo
1225 2043 1371 2096 necessitas
1397 2041 1563 2112 probationis
1590 2041 1734 2106 incumbit,
1769 2039 1902 2096 sancimus

1092 2125 1146 2164 uon
1172 2109 1251 2164 aliter
1277 2109 1381 2164 easdem
1407 2109 1578 2178 probationes
1604 2115 1743 2178 praestare
1772 2109 1901 2178 compelli,

1091 2177 1143 2232 nisi
1160 2177 1234 2248 prius
1254 2179 1299 2246 qui
1316 2193 1361 2232 eas
1379 2179 1500 2248 exposcit
1517 2179 1694 2232 iuramentum
1719 2177 1752 2232 de
1770 2177 1902 2232 calumnia

1091 2247 1279 2314 praestaverit,
1305 2247 1376 2316 quod
1393 2263 1447 2302 non
1465 2261 1548 2302 cansa
1565 2245 1703 2302 differendi
1713 2247 1732 2280 ¹⁵
1749 2245 1902 2300 huiusmodi

1091 2315 1232 2382 proposuit
1260 2315 1486 2382 adlegationasffi:
1519 2331 1580 2370 nam
1613 2313 1773 2370 sacramenti
1807 2313 1902 2370 timore

1094 2389 1104 2436 1
1144 2385 1311 2438 contentiosa
1328 2383 1486 2452 litigantium
1503 2383 1630 2438 instantia
1649 2381 1834 2450 compescitur.
1861 2381 1902 2438 Na

1091 2457 1181 2506 autem
1207 2467 1347 2522 perperam
1373 2453 1401 2506 in
1428 2451 1609 2520 quaestionem
1634 2467 1772 2506 servorum
1795 2449 1902 2520 quidam

1091 2521 1224 2574 venientes
1239 2519 1376 2574 eruanimi
1391 2521 1575 2574 crudelitatem
1592 2523 1739 2584 exerceant,
1757 2535 1811 2572 non
1826 2519 1902 2574 aliter

1092 2589 1202 2644 concedi
1223 2589 1261 2644 eis
1285 2589 1331 2658 qui
1349 2589 1529 2658 quaestionem
1547 2605 1682 2644 servorum
1700 2589 1848 2656 exposcunt
1865 2587 1901 2642 ad

1091 2655 1173 2712 hoc¹⁷
1191 2657 1280 2712 renim
1297 2657 1338 2712 sel
1355 2673 1372 2712 a
1388 2655 1519 2712 iudicibus
1538 2657 1632 2722 audin,
1657 2655 1707 2710 nisi
1728 2655 1803 2724 prius
1821 2657 1900 2712 tactis

1091 2727 1271 2780 sacrosanctis
1289 2727 1428 2794 scripturis
1448 2725 1591 2794 deponant,
1628 2725 1681 2778 uod
1699 2739 1752 2778 non
1766 2723 1825 2778 odio
1846 2739 1900 2778 ser-

1091 2809 1182 2848 vornm
1199 2793 1240 2848 vel
1257 2799 1368 2862 propter
1385 2793 1500 2850 offensas
1519 2743 1679 2850 acheriilum
1700 2793 1735 2846 ad
1751 2793 1804 2846 hoc
1822 2807 1900 2848 vene·

1091 2867 1160 2930 runt,
1179 2861 1226 2922 sed
1244 2865 1307 2932 quia
1325 2863 1401 2916 aliter
1418 2877 1507 2916 rerum
1524 2861 1744 2916 hereditariarum
1760 2861 1900 2916 veritatem

1091 2931 1230 3000 exquirere
1247 2931 1288 2986 vel
1307 2931 1446 2986 ostendere
1463 2947 1517 2986 non
1535 2935 1655 3000 possunt.
1691 2927 1724 2984 D.
1735 2943 1785 2984 rrr
1799 2927 1825 2982 lc.
1843 2929 1899 2986 Det.

1092 2997 1329 3072 Constantinopoli
1340 3001 1361 3034 ¹⁸
1377 2997 1461 3068 Decio
1481 3015 1518 3054 oo.
1537 3015 1610 3054 cons.
1787 3003 1821 3062 [a.
1842 3001 1899 3064 529]

1125 3063 1144 3124 2
1174 3065 1272 3122 ¹⁹Idcm
1297 3067 1329 3120 Α.
1358 3063 1467 3122 Iuliano
1490 3085 1541 3138 pp.
1583 3065 1650 3122 Cum
1673 3069 1701 3120 et
1723 3063 1825 3120 iudices
1847 3081 1901 3122 non

1091 3133 1168 3190 aliter
1186 3151 1281 3190 causas
1301 3135 1425 3190 dirimere
1442 3135 1621 3190 concessimus
1636 3135 1687 3188 nisi
1701 3135 1900 3190 sancrosanctis

1091 3203 1231 3272 euangeliis
1254 3203 1398 3274 propositis
1423 3207 1449 3258 et
1471 3207 1599 3272 patronos
1625 3217 1766 3258 causarum
1783 3201 1812 3256 in
1829 3205 1900 3258 omni

1091 3273 1155 3328 orbe
1172 3277 1320 3336 terrarum,
1349 3273 1394 3354 qui
1412 3273 1533 3326 Romano
1550 3271 1660 3342 imperio
1679 3269 1833 3340 suppositus
1851 3277 1899 3340 ast,

1090 3339 1164 3410 prius
1191 3341 1280 3396 iurare
1306 3345 1333 3394 et
1355 3347 1393 3404 tta
1417 3339 1536 3410 perterre
1559 3355 1656 3396 causas
1675 3339 1899 3408 disposuimus²⁰z

1091 3409 1271 3478 necessarium
1295 3409 1416 3462 dommus
1442 3413 1468 3462 et
1491 3413 1659 3480 praesentem
1685 3407 1770 3476 legem
1792 3423 1899 3476 ponere,

1090 3493 1138 3546 per
1156 3493 1234 3546 quam
1253 3477 1386 3532 sancimus
1403 3477 1432 3530 in
1450 3477 1572 3532 omnibus
1590 3477 1691 3540 litibus,
1717 3491 1784 3546 qnae
1801 3477 1900 3530 fuerint

1090 3551 1152 3614 post
1160 3549 1329 3614 praesentem
1337 3547 1420 3614 legem
1430 3545 1578 3612 inchoatae,
1586 3561 1640 3600 non
1649 3545 1726 3600 aliter
1734 3547 1899 3612 nequeaoto·

1090 3627 1147 3666 rem
1162 3629 1248 3682 neque
1262 3613 1405 3682 fugientem
1413 3615 1441 3666 in
1451 3615 1596 3682 primordio
1608 3613 1663 3668 litis
1676 3627 1800 3668 exercere
1814 3621 1899 3668 certa·
1941 3673 1942 3676 Ἴ

1090 3681 1169 3748 mina,
1178 3681 1229 3736 nisi
1238 3687 1300 3752 post
1310 3683 1491 3738 narrationem
1501 3687 1527 3738 et
1536 3681 1742 3750 responsionem,
1757 3687 1899 3750 antequam

1090 3751 1333 3832 utriusquepartis
1357 3751 1479 3806 advocati
1505 3755 1701 3804 sacramentnm
1724 3749 1898 3818 legitimum2¹

1089 3823 1233 3940 praestent,
1244 3833 1318 3888 1psae
1325 3819 1488 3900 principales
1497 3833 1629 3888 personae
1637 3819 1752 3872 subeant
1766 3819 1898 3872 iusiuran-

1108 3903 1160 3942 um.
1173 3891 1200 3942 et
1208 3894 1284 3942 actor
1293 3887 1398 3954 quidem
1406 3887 1477 3942 iuret
1487 3903 1540 3942 non
1548 3885 1725 3942 calumniandi
1732 3885 1899 3942 animalitem

1089 3957 1209 4022 movisse,
1226 3955 1273 4010 sed
1289 3957 1463 4010 existimando
1478 3957 1577 4010 bonam
1587 3971 1695 4008 causam
1706 3955 1818 4010 habere:
1837 3969 1899 4010 reus

1088 4029 1178 4078 autem
1190 4041 1243 4078 non
1261 4023 1340 4078 aliter
1356 4023 1412 4080 suis
1421 4023 1632 4092 adlegationibus
1643 4025 1743 4090 utatur,
1762 4023 1813 4076 nisi
1824 4023 1899 4092 prius

1089 4097 1116 4146 et
1133 4093 1190 4162 ipse
1206 4093 1345 4160 iuraverit,
1369 4093 1440 4162 quod
1462 4095 1561 4174 putans
1580 4107 1608 4146 se
1625 4093 1696 4146 bona
1713 4091 1841 4146 instantia
1858 4093 1899 4146 uti

1089 4161 1124 4214 ad
1138 4161 1323 4216 reluctandum
1331 4165 1496 4230 pervenerit:
1514 4167 1542 4214 et
1555 4165 1649 4228 postea
1663 4161 1899 4228 utriusquepartis

1089 4229 1158 4284 viros
1184 4227 1371 4284 disertissimos
1395 4227 1554 4294 advocatos,
1579 4229 1602 4260 ²²
1625 4227 1766 4298 quodiam
1784 4227 1898 4296 disposi-

1089 4305 1145 4352 tum
1178 4301 1218 4350 cst
1250 4313 1266 4350 a
1298 4299 1389 4364 nobis,
1414 4297 1600 4352 iusiurandum
1624 4301 1776 4368 praestare,
1806 4311 1898 4350 sacro·

1090 4365 1190 4420 sanctis
1224 4365 1347 4420 videlicet
1382 4365 1522 4446 evangeliis
1558 4371 1620 4418 ante
1650 4365 1764 4420 iudicem
1793 4363 1896 4432 positis.

1091 4439 1102 4488 1
1144 4433 1191 4488 Sin
1212 4437 1302 4488 autem
1325 4435 1367 4488 vel
1389 4433 1503 4502 dignitas
1528 4435 1569 4488 vel
1594 4449 1673 4488 sexus
1696 4449 1827 4502 personae
1844 4447 1899 4486 non

1091 4503 1253 4558 concesserit
1270 4517 1328 4556 eam
1346 4499 1381 4556 ad
1396 4501 1511 4556 iudicem
1528 4501 1678 4570 pervenire,
1703 4503 1730 4556 in
1748 4501 1825 4554 domo
1844 4499 1897 4554 liti-

1088 4571 1175 4638 gantis
1193 4575 1389 4634 sacramentum
1405 4569 1557 4640 procedere,
1580 4569 1665 4624 altera
1682 4569 1804 4625 videlicet
1821 4575 1899 4638 parta

1089 4643 1103 4692 2
1138 4641 1180 4694 vel
1203 4643 1378 4708 procuratore
1400 4639 1457 4692 eius
1481 4643 1631 4706 praesente.
1667 4637 1743 4704 Quod
1763 4635 1899 4692 observari

1089 4711 1195 4774 oportet
1217 4713 1245 4760 et
1268 4707 1291 4762 si
1312 4713 1414 4762 tutores
1438 4705 1479 4760 vel
1502 4711 1638 4760 curatores
1662 4707 1702 4758 vel
1725 4705 1794 4758 aliae
1816 4719 1896 4772 quae·

1088 4773 1149 4828 dam
1172 4775 1225 4830 sint
1250 4791 1392 4844 personae,
1425 4789 1493 4842 quae
1515 4773 1771 4828 administrationem
1795 4773 1897 4826 aliena·

1088 4859 1146 4896 rum
1172 4859 1260 4896 rerum
1292 4843 1452 4898 auctoritate
1482 4843 1598 4910 legitima
1623 4845 1727 4910 gerunt.
1774 4843 1899 4896 convenit

1088 4911 1157 4966 enim
1175 4917 1203 4964 et
1218 4911 1292 4980 ipsos
1315 4911 1485 4966 iureiurando
1511 4911 1604 4974 adiici,
1629 4911 1692 4980 qnia
1715 4911 1769 4980 ipsi
1787 4923 1897 4962 causant

1088 4979 1202 5034 scientes
1225 4981 1264 5034 ita
1285 4979 1320 5034 ad
1344 4995 1401 5034 eam
1419 4979 1575 5046 perveniunt
1583 4979 1614 5032 ²³.
1655 4993 1740 5046 neque
1758 4977 1827 5032 enirn
1845 4993 1894 5046 pu-

228 5049 282 5098 tem
318 5049 460 5100 recuratur
476 5047 518 5102 vel
543 5047 702 5112 defensorffl,
726 5047 804 5100 etiam
828 5047 877 5100 sub
901 5051 1035 5116 gestorum
1086 5047 1166 5116 pillus
1190 5063 1275 5116 neque
1298 5049 1404 5102 adultus
1427 5047 1467 5102 vel
1491 5049 1559 5100 aliae
1582 5045 1733 5100 huiusmodi
1757 5061 1895 5114 personae,

228 5061 416 5192 testiicatipne
435 5111 540 5192 iactus,
562 5115 591 5168 in
611 5115 669 5184 ipso
692 5115 747 5168 litis
774 5115 863 5170 limine
892 5115 1036 5170 iudicatum
1087 5115 1135 5170 sed
1160 5117 1224 5184 ipsi,
1253 5115 1297 5184 qui
1322 5133 1371 5184 pro
1395 5115 1433 5170 eis
1457 5115 1567 5170 tutelam
1585 5115 1625 5168 vel
1651 5129 1741 5170 curam
1758 5113 1800 5168 vel
1817 5113 1896 5166 ubam

229 5181 297 5236 solvi
320 5179 520 5236 sansdauonan
542 5183 570 5238 in
588 5183 710 5238 omnibus
728 5183 816 5238 causis
834 5189 972 5254 praestare
989 5199 1035 5238 co·
1086 5183 1228 5252 legitimam
1254 5189 1351 5252 gerunt
1379 5183 1649 5246 administrationem,
1681 5181 1750 5236 scire
1782 5187 1896 5250 possunt

230 5249 308 5316 gitur.
343 5247 377 5304 D.
400 5263 471 5304 vnn
486 5247 512 5302 dc.
533 5249 599 5306 illoc.
620 5249 666 5306 CC.
686 5267 773 5306 conss.
921 5255 1034 5316 [1294]
1086 5265 1195 5308 causam
1220 5259 1248 5308 et
1272 5253 1311 5306 ita
1337 5253 1372 5308 ad
1395 5253 1524 5306 iudicium
1541 5251 1677 5320 pervenire
1700 5265 1744 5318 eo,
1772 5249 1844 5320 quod
1862 5265 1894 5304 cx

230 5427 261 5490 (1)
278 5427 366 5474 etaer-
437 5421 470 5486 (1)
488 5421 510 5472 ai
529 5421 615 5474 iusi)
682 5425 714 5488 (3)
732 5443 753 5476 c.
773 5435 785 5474 t
803 5425 826 5476 d.
845 5435 860 5476 t.
930 5423 963 5490 (4)
982 5439 1034 5476 aer-
1085 5425 1129 5476 ins.
1150 5425 1194 5478 Cli
1250 5427 1295 5492 (11)
1313 5428 1353 5478 vel
1372 5427 1416 5478 ino.
1435 5427 1461 5478 P
1510 5425 1556 5488 (13)
1573 5449 1607 5470 =
1629 5423 1671 5476 Tb.
1681 5425 1705 5486 2,
1715 5433 1769 5486 3,1:
1788 5425 1860 5490 inape
1871 5425 1896 5488 5,

227 5493 311 5544 torum
328 5487 418 5554 R⁰M⁶‚
437 5489 633 5550 oeteroruth,
653 5491 859 5544 etceterorumC
908 5493 1032 5558 (maioli,
1085 5503 1105 5554 ³,
1116 5503 1148 5544 11.
1166 5499 1244 5558 5,1,1
1262 5507 1282 5548 1.
1302 5499 1366 5558 5,11,
1377 5505 1396 5546 6λ
1416 5497 1483 5556 6,18,
1498 5505 1515 5544 1.
1527 5497 1633 5556 d,24,11.
1646 5495 1668 5556 6,
1680 5501 1734 5554 tta
1770 5493 1812 5555 (14)
1823 5493 1896 5556 inope

228 5563 253 5610 et
262 5561 307 5612 ins.
318 5559 366 5610 PC
398 5559 431 5626 (t)
449 5555 537 5622 atati,
555 5571 640 5610 eorum
659 5559 766 5610 PL⁰CR
823 5565 853 5624 11)
872 5577 958 5612 aarum
975 5577 1032 5610 con·
1085 5561 1107 5620 a,
1118 5571 1150 5624 41,
1160 5573 1184 5616 ta
1220 5565 1266 5628 (15)
1274 5565 1311 5616 sic
1322 5563 1347 5624 C,
1359 5577 1458 5614 oausam
1468 5559 1603 5612 differendo
1613 5561 1661 5612 PR
1696 5557 1895 5622 (laminitana-

227 5631 341 5676 ventoras
360 5625 402 5692 Pl,
425 5643 510 5678 aarum
527 5625 706 5690 contemptores
724 5631 787 5692 dett,
810 5645 910 5680 reorum
926 5643 1033 5680 conven·
1083 5631 1264 5692 gationemPC
1295 5633 1338 5698 (11)
1348 5631 1549 5682 bosPcoutraB
1580 5631 1626 5694 (ts)
1638 5627 1662 5678 d.
1672 5643 1707 5676 xv
1716 5629 1742 5678 k.
1754 5629 1806 5678 Oct.
1819 5625 1894 5676 Obul-

227 5699 294 5746 tores
311 5695 457 5748 Mommsen:
480 5715 526 5746 oon
543 5697 677 5746 convenior
699 5707 809 5760 suspectu
828 5709 873 5762 est,
899 5715 950 5748 curn
974 5699 1035 5748 olidi
1084 5695 1401 5764 redanimandarum
1439 5699 1711 5766 (tsiiunge3,t,1t.tt
1748 5697 1797 5760 (11)
1807 5697 1830 5756 3,
1842 5705 1893 5760 1,11

228 5765 269 5814 vie
285 5773 348 5814 calet
398 5765 469 5828 (sla
485 5765 543 5828 ’1,1,
558 5775 591 5816 11.
611 5791 640 5800 -
662 5763 699 5830 Cs-
710 5763 770 5828 Dip.
785 5765 836 5826 2,ss
881 5769 913 5826 (9)
929 5769 961 5824 cs.
971 5765 1032 5832 Dip.
1083 5765 1128 5828 (11)
1142 5765 1283 5830 legitimum
1298 5787 1342 5820 cm.
1359 5767 1515 5820 PoontraB
1567 5763 1785 5828 (cassaneam
1802 5763 1837 5826 B,
1855 5777 1893 5814 ae·

229 5829 319 5894 3,a,tt
371 5829 655 5898 (tolproouratorPitl‘
671 5841 755 5882 contra
771 5829 797 5880 B
845 5835 886 5896 (11)
896 5835 931 5886 sic
941 5835 969 5896 P,
987 5849 1032 5882 suo
1082 5833 1192 5884 cundum
1209 5835 1347 5888 mapale
1406 5837 1453 5900 (aa)
1470 5835 1506 5886 sic
1520 5833 1546 5884 R
1563 5851 1614 5884 cam
1632 5831 1666 5896 Β,
1682 5829 1830 5896 pervenient
1848 5829 1896 5884 PC
