4250 6258
246 355 301 420 Vll
323 359 372 422 37.
395 357 434 422 38
1039 343 1099 414 tlt
1330 367 1376 414 na
1399 363 1620 426 quanarnnun
1640 361 1911 412 rarasnrrrronn

246 547 255 592 l
294 541 363 592 cant.
398 537 441 588 Ad
465 537 531 588 haec
549 535 678 588 fiscalium
700 549 789 586 rerum
807 535 968 600 emptoribus
987 551 1047 590 oum
1097 535 1143 588 tur
1169 535 1196 586 et
1222 537 1415 600 competentem
1443 541 1578 590 mereatur
1607 531 1739 586 effectum.
1784 531 1855 598 quod
1882 529 1905 584 si

244 607 344 662 rationo
362 603 479 658 iustitiae
497 605 665 658 consulentes
683 601 818 664 iubemus,
837 601 956 670 quotiens
976 621 1046 658 com·
1097 601 1298 670 quadriennium
1314 601 1398 654 fuerit
1415 617 1557 666 emensum,
1577 617 1625 656 nec
1642 601 1769 654 adversus
1787 605 1905 652 nostram

243 677 336 742 petens
353 671 478 724 scrinium
503 673 583 740 gestis
601 669 837 724 intervenientibus
860 669 1047 726 distractarum
1097 677 1110 724 3
1136 669 1245 738 domum
1262 669 1362 722 habeat
1379 669 1438 738 quis
1457 685 1652 738 quamcumque
1670 667 1809 722 actionem.
1836 667 1905 736 Quia

243 757 330 794 rerum
347 739 433 808 pretia
451 755 510 794 sese
524 739 677 808 deposuerit
692 739 849 806 suscepisse,
866 737 971 792 minime
985 745 1047 808 post
1096 737 1176 806 igitur
1199 737 1283 792 multa
1306 737 1404 792 scimus
1428 741 1483 792 tarn
1506 739 1706 806 nosmetipsos
1730 751 1809 804 quam
1832 751 1904 790 sere·

241 809 392 862 huiusmodi
420 807 523 862 solutae
546 807 676 876 pecuniae
701 805 891 876 depositionem
915 813 1046 874 emptores
1096 805 1231 862 nissimam
1248 805 1398 874 Augustam
1421 807 1559 874 coniugem
1577 813 1697 860 nostram
1713 805 1793 860 variis
1811 819 1902 872 perso-

242 877 318 946 quasi
340 893 394 932 non
416 875 560 930 numeratis
584 875 703 946 pecuniis
720 875 856 930 molestari
872 875 913 928 vel
930 879 1045 930 necessi·
1096 875 1137 930 nis
1160 875 1213 928 iam
1237 871 1350 928 donasse
1376 879 1403 928 et
1424 875 1572 928 venffidisse
1595 877 1640 926 et³
1662 891 1711 944 per
1730 873 1796 928 alios
1813 871 1904 928 titulos

241 949 323 1000 tatem
341 945 423 1000 isdem
440 945 603 1012 emptoribus
618 945 725 1012 imponi,
743 944 807 998 licet
824 957 878 996 non
894 942 1046 1000 sollemnem
1095 943 1259 1010 adsignasse,
1279 947 1305 996 et
1321 943 1434 996 maxime
1452 941 1631 996 sacrosanctis
1649 943 1767 996 eeclesiis
1781 945 1809 996 et
1820 955 1903 994 aeno·

242 1015 379 1068 consecuti
401 1013 502 1078 ineant
528 1013 712 1080 securitatem,
739 1011 826 1066 solnta
851 1011 936 1066 inisse
961 1015 1046 1080 pretia
1095 1013 1173 1066 nibus
1197 1015 1224 1064 et
1241 1011 1454 1080 ptochotrophiis
1479 1015 1507 1066 et
1524 1009 1656 1080 episcopis
1679 1015 1705 1064 et
1721 1009 1858 1064 monachis
1877 1011 1905 1064 et

241 1081 363 1152 probare.
401 1081 447 1136 sed
465 1097 525 1136 cum
542 1081 621 1136 sitin
639 1081 750 1136 arbitrio
773 1079 859 1148 pretia
877 1079 1045 1148 suscipientis
1097 1081 1155 1136 aliis
1172 1079 1410 1134 innumerabilibus
1428 1079 1565 1148 personis,
1586 1083 1613 1132 et
1630 1079 1741 1132 eandem
1757 1076 1902 1132 liberalita-

241 1151 346 1204 minime
368 1147 501 1218 deponere
524 1165 582 1204 sese
605 1149 677 1220 quod
695 1165 748 1204 non
766 1147 870 1216 accepit
887 1149 1044 1216 suscepisse,
1094 1155 1148 1204 tem
1171 1165 1203 1202 ex
1224 1153 1317 1200 nostra
1340 1147 1491 1202 substantia
1508 1147 1563 1202 sive
1581 1147 1765 1200 serenissimae
1784 1145 1903 1212 comaga

240 1219 279 1272 ita
296 1219 418 1274 convenit
434 1235 485 1272 nec
504 1225 635 1288 emptores
653 1215 833 1286 plenissimam
848 1231 881 1270 err
895 1217 1046 1272 huiusmodi
1095 1221 1202 1272 nostrae
1229 1231 1287 1270 esse
1311 1215 1473 1280 contectam,
1501 1217 1635 1270 sancimus
1658 1213 1738 1270 etiam
1760 1231 1806 1268 eos
1827 1213 1902 1270 iirmo

242 1287 406 1354 depositione
430 1303 510 1354 super
532 1287 612 1356 pretii
634 1285 766 1340 solutione
790 1285 961 1338 securitatem
982 1301 1045 1338 con·
1094 1287 1152 1338 iure
1168 1285 1266 1338 habere
1286 1285 1356 1354 quod
1374 1283 1514 1340 consecuti
1531 1291 1605 1352 sunt,
1627 1285 1665 1336 ita
1683 1285 1714 1336 ut
1732 1287 1825 1336 contra
1843 1281 1903 1336 illos

241 1363 346 1410 secutos
365 1355 447 1408 ullum
467 1357 546 1422 (sieut
564 1355 663 1408 dictum
681 1359 729 1418 esti
754 1351 865 1406 ulterius
888 1353 1046 1420 probatione
1095 1351 1200 1422 quidem
1227 1353 1301 1406 nulla
1327 1357 1464 1408 moveatur
1489 1353 1572 1418 actio,
1601 1353 1673 1406 iutra
1699 1349 1902 1420 quadriennium

241 1439 380 1492 gravamen
396 1423 504 1492 penitus
521 1423 672 1478 formidare.
1094 1427 1182 1476 autem
1200 1437 1233 1476 ex
1250 1423 1386 1490 praesenti
1403 1421 1445 1474 dis
1463 1421 1654 1476 numerandum
1671 1423 1764 1490 pateat
1781 1417 1903 1474 omnibus

275 1489 381 1564 3lurp.
401 1489 570 1546 lastinianus
587 1489 617 1544 Α.
636 1489 721 1546 Floro
740 1489 831 1546 comiti
848 1505 938 1544 rerunt
950 1491 1045 1560 priua·
1095 1489 1183 1544 aditus
1207 1497 1302 1542 contra
1326 1495 1432 1546 nostras
1457 1489 1558 1544 divinas
1583 1489 1674 1544 domos
1698 1501 1761 1542 suas
1784 1487 1904 1542 actiones

242 1567 330 1616 tarum
353 1567 380 1616 ct
401 1561 524 1616 curatmi
547 1559 697 1614 donuinr'cae
719 1557 815 1612 domus
838 1563 864 1612 ct
881 1555 964 1612 Petro
987 1559 1044 1612 uiro
1095 1573 1176 1628 super
1197 1557 1282 1612 isdem
1303 1559 1384 1614 rebus
1406 1573 1525 1622 movere,
1548 1557 1668 1622 scituris,
1693 1553 1764 1626 quod
1781 1555 1904 1626 praefato

240 1627 340 1682 illustri
354 1627 477 1684 curatori
491 1627 598 1684 diuinae
611 1627 1046 1696 domusscrenr'ssr'maertupustae
1096 1625 1268 1696 quadriennio
1286 1627 1362 1680 finito
1381 1643 1467 1696 neque
1484 1627 1610 1680 adversus
1626 1629 1731 1680 nostras
1745 1623 1836 1678 domos
1855 1623 1903 1678 ali-

241 1703 267 1752 ct
280 1695 441 1752 Macedonio
458 1695 515 1750 uiro
530 1695 632 1750 illustri
644 1693 768 1750 curatori
782 1701 809 1748 ct
824 1693 879 1764 ipa
896 1693 1046 1748 dominicae
1096 1701 1110 1748 t
1145 1693 1204 1762 quis
1228 1695 1266 1748 eis
1287 1699 1440 1750 reservetur
1462 1711 1607 1762 regressus.
1649 1693 1715 1748 Cum
1733 1693 1803 1748 eninr
1819 1693 1904 1750 multa

240 1765 342 1820 domus.
381 1765 454 1818 Bene
477 1779 495 1816 a
517 1763 624 1818 Zenone
645 1765 720 1818 divae
744 1763 885 1816 memoriae
908 1761 1044 1816 fiscalibus
1095 1763 1232 1830 privilegia
1245 1763 1368 1830 Angusta
1385 1763 1493 1818 fortuna
1510 1763 1607 1816 meruit
1625 1769 1651 1816 et
1667 1763 1697 1816 in
1715 1761 1903 1816 donationibus

240 1833 444 1888 alienationibus
462 1837 633 1900 prospectum
655 1837 708 1900 est,
733 1845 766 1886 ue
788 1829 920 1894 homines,
945 1831 990 1900 qui
1013 1847 1045 1884 ex
1095 1831 1151 1886 sine
1169 1831 1347 1886 insinuatione
1364 1837 1500 1900 gestorum
1515 1847 1621 1886 omnem
1634 1831 1787 1886 firmitatem
1801 1829 1903 1882 haben·

240 1907 333 1956 nostro
356 1901 459 1954 aerario
481 1899 631 1956 donationis
655 1901 696 1954 vel
722 1899 862 1966 emptionis
885 1899 926 1952 vel
956 1899 1044 1954 cnius-
1094 1901 1185 1954 tibus⁴
1206 1903 1233 1954 et
1256 1915 1336 1968 super
1358 1899 1452 1966 rebus,
1476 1915 1542 1968 quas
1562 1915 1611 1968 pro
1630 1905 1749 1966 tempore
1766 1897 1902 1954 serenissi-

239 1967 304 2024 libet
321 1969 487 2024 alienationis
506 1969 584 2022 titulo
603 1969 743 2038 quicquam
764 1967 912 2036 accipiunt,
938 1969 960 2020 si
983 1967 1046 2038 qnid
1094 1985 1152 2022 mus
1170 1969 1295 2036 princeps
1312 1967 1416 2022 divium
1427 1969 1565 2036 Augustae
1581 1973 1722 2022 constante
1736 1965 1903 2020 matrimonio

241 2039 311 2092 circa
329 2041 496 2092 contractum
515 2037 675 2092 contrarium
696 2035 832 2092 emerserit
849 2035 890 2090 vel
908 2035 1044 2090 evictionis
1095 2035 1232 2092 donaverit
1247 2037 1290 2090 vel
1306 2037 1363 2104 ipse
1382 2053 1398 2090 a
1415 2035 1584 2092 serenissima
1601 2037 1725 2104 Augusta
1748 2051 1797 2104 per
1819 2035 1902 2090 dona·

239 2105 281 2160 vel
307 2105 414 2158 alterius
440 2105 630 2174 inquietudinis
661 2107 749 2174 gratia
775 2105 810 2158 ad
835 2103 979 2158 dominium
1004 2105 1045 2158 vel
1094 2105 1173 2160 tionis
1191 2105 1298 2160 titulum
1316 2111 1509 2172 consequatur,
1533 2109 1563 2158 ut
1583 2109 1691 2158 maneat
1714 2103 1776 2158 ilico
1794 2101 1903 2158 donatio

239 2173 415 2242 hypothecam
432 2173 584 2242 respiciens,
608 2173 708 2242 aliquid
731 2173 880 2228 sustineant
902 2173 1044 2226 detrimen·
1094 2173 1181 2242 plena,
1200 2173 1275 2228 nullo
1292 2173 1346 2226 alio
1364 2173 1558 2228 adfirmationis
1575 2179 1694 2242 tempore
1712 2171 1878 2242 expectando
1885 2173 1902 2236 ⁵,

239 2249 307 2296 tum:
332 2243 380 2296 sed
397 2241 522 2296 adversus
544 2247 675 2310 emptores
693 2241 799 2310 quidem
816 2241 858 2296 vel
875 2239 1045 2296 donatorem
1094 2243 1131 2296 ita
1155 2247 1182 2296 et
1204 2241 1255 2296 hoo
1273 2239 1395 2296 videatur
1416 2240 1554 2310 imperiale
1573 2257 1632 2296 esse
1648 2241 1820 2310 privilegium.
1857 2239 1902 2308 qui

240 2309 401 2380 accipientes
428 2311 469 2364 vel
494 2325 542 2380 per
568 2311 634 2366 alios
659 2311 753 2366 titulos
779 2309 946 2364 alienationis
971 2311 1044 2378 quio·
1094 2311 1162 2364 enim
1186 2309 1242 2364 suis
1265 2311 1383 2364 consiliis
1407 2311 1515 2378 suisque
1538 2309 1675 2364 laboribus
1695 2325 1745 2380 pro
1762 2313 1819 2364 toto
1838 2309 1903 2364 orbe

239 2395 319 2446 quarn
341 2379 488 2434 detinentes
512 2379 617 2434 minime
641 2393 823 2448 quaecumque
845 2377 964 2432 actiones
988 2393 1044 2432 mo·
1093 2383 1224 2434 terrarum
1242 2377 1284 2432 die
1301 2383 1437 2446 noctuque
1454 2377 1591 2444 laborant,
1616 2393 1698 2446 quare
1715 2395 1769 2434 non
1786 2377 1903 2434 habeant

239 2453 361 2512 veantur,
380 2447 426 2502 sed
444 2447 627 2502 tantummodo
646 2453 740 2502 contra
758 2447 890 2500 aerarium
908 2461 993 2514 usque
1010 2447 1044 2500 ad
1095 2453 1109 2500 5
1145 2447 1251 2516 dignam
1268 2461 1317 2500 sua
1334 2447 1547 2516 praerogativam
1568 2445 1696 2500 fortuna?
1731 2447 1805 2516 Quae
1821 2447 1902 2514 igitur

240 2515 438 2584 quadriennium
456 2519 575 2580 tantum,
599 2531 651 2584 quo
674 2515 828 2584 translapsa
846 2531 932 2584 neque
950 2515 1044 2568 adrer-
1093 2531 1143 2584 pro
1168 2519 1289 2584 Augusto
1322 2515 1423 2570 honore
1456 2521 1482 2570 et
1514 2513 1620 2570 cautela
1645 2531 1688 2570 res
1714 2515 1902 2584 accipientium

242 2589 252 2638 1
289 2599 336 2638 sus
358 2583 452 2638 liscum
473 2589 610 2638 remaneat
633 2585 724 2654 aliqua
747 2585 825 2638 actio
868 2583 1044 2638 dedecimus
1094 2589 1187 2638 nostra
1208 2583 1303 2638 statuit
1327 2583 1487 2648 aeternitas,
1514 2583 1581 2638 haec
1603 2589 1659 2638 tarn
1682 2583 1830 2638 sublimitas
1854 2589 1902 2638 tua

239 2653 290 2706 hoc
314 2653 418 2722 quidem
440 2653 468 2706 in
491 2651 627 2706 fiscalibus
650 2653 855 2708 alienationibus
875 2653 978 2706 naviter
995 2653 1043 2706 ob·
1094 2667 1173 2721 quam
1191 2653 1273 2706 ceteri
1290 2667 1382 2708 omnes
1396 2651 1497 2706 iudices
1511 2653 1596 2708 nostri
1610 2651 1752 2706 observare
1766 2651 1902 2718 festinent,

239 2721 351 2788 servari,
374 2721 420 2776 sed
438 2737 492 2774 non
510 2719 589 2776 simili
607 2721 684 2776 modo
703 2737 758 2776 rem
776 2719 858 2774 fuisse
876 2719 1043 2776 observatam
1093 2737 1127 2774 ex
1141 2735 1173 2776 eo
1187 2725 1308 2788 tempore
1322 2719 1445 2788 valitura,
1464 2735 1497 2774 ex
1511 2737 1563 2790 quo
1577 2725 1644 2774 nutu
1655 2719 1742 2776 divino
1751 2719 1902 2788 imperiales

195 2809 197 2812 ·
239 2791 311 2844 eirca
337 2803 382 2844 eas
407 2803 462 2854 res,
491 2805 558 2856 quae
584 2805 601 2842 a
625 2789 812 2842 sacratissimis
837 2789 1043 2856 imperatoribus
1093 2791 1259 2858 suscepimus
1281 2787 1389 2842 infulas.
1430 2787 1464 2844 D.
1488 2803 1506 2842 v
1529 2787 1557 2844 lt.
1575 2787 1638 2844 Dec.
1664 2787 1901 2860 Constantinopoi'

239 2875 291 2912 non
314 2873 332 2912 a
354 2857 489 2912 fiscalibus
513 2857 605 2922 rebus,
629 2857 676 2912 sed
698 2873 731 2910 ex
750 2857 853 2926 privata
872 2873 962 2910 eornm
980 2857 1042 2910 sub·
1091 2863 1156 2930 post
1170 2857 1341 2914 tramittunt
1352 2855 1499 2930 lampadii
1515 2863 1542 2914 ct
1558 2853 1661 2914 Ονεετὲε
1674 2873 1761 2914 caca
1790 2861 1824 2922 [u.
1841 2863 1900 2922 531]

242 2933 273 2980 ta
307 2927 407 2980 stantia
424 2925 581 2992 procedunt.
611 2925 689 2994 Quod
705 2927 771 2982 satis
788 2925 975 2980 inrationabile
992 2931 1042 2980 est.

238 3009 306 3064 quae
324 2995 393 3046 enim
410 2993 558 3048 differentia
574 2993 765 3060 introducitur,
786 3009 846 3046 curu
863 2992 952 3048 omnia
968 2993 1041 3062 prin-

239 3063 305 3130 cipis
327 3077 386 3116 esse
408 3061 607 3185 intelleglantur,
632 3063 686 3118 sive
709 3079 726 3118 a
747 3077 798 3118 sua
818 3061 969 3116 substantia
989 3061 1043 3116 sive

238 3147 270 3184 ex
287 3130 373 3185 fiscali
390 3131 471 3185 luerit
489 3131 590 3200 a'quid
608 3131 771 3186 alienatum?
803 3129 946 3198 eodemque
963 3129 1042 3184 modo

238 3205 264 3254 et
281 3199 303 3254 si
321 3215 338 3254 a
355 3199 522 3254 serenissima
538 3199 661 3268 Augusta
679 3197 779 3270 aliquid
797 3199 937 3266 alienetur,
960 3213 1042 3268 quare
1411 3201 1590 3262 XXXVIII,⁶

236 3283 291 3322 non
305 3267 395 3322 eadem
409 3271 501 3322 utatur
513 3269 716 3336 praerogativa?
739 3267 786 3322 sed
798 3271 935 3322 curatores
948 3267 1041 3332 nostri,
1091 3301 1138 3352 NE
1161 3301 1221 3352 RE,
1244 3299 1438 3352 DOMINIOAE
1461 3301 1530 3352 VEL
1553 3301 1766 3352 TEMPLORUM
1790 3301 1899 3356 VINDI-

236 3335 1041 3460 trib

236 3487 296 3526 nem
311 3477 337 3526 et
351 3471 405 3526 alia
418 3487 485 3540 quae
498 3475 561 3526 sunt
573 3473 692 3540 paratae
704 3471 827 3526 utilitatis
839 3475 920 3540 pacta
929 3471 1041 3540 emptio·
1125 3469 1140 3526 1
1163 3467 1251 3592 impla.
1268 3469 1478 3526 Valentinianus
1494 3475 1522 3524 et
1541 3469 1641 3528 Valens
1654 3469 1710 3526 ΑΛ.
1730 3471 1767 3526 ad
1780 3469 1899 3526 Probum

236 3539 340 3594 nalibus
363 3541 546 3594 instrumentis
567 3541 666 3594 addere
683 3541 725 3594 vel
743 3539 871 3610 quasdam
888 3541 956 3594 tales
974 3539 1041 3594 obli·
1087 3555 1136 3612 pp.
1162 3535 1215 3592 Gai
1229 3539 1320 3592 'arum
1361 3535 1560 3608 Saepenumero
1583 3541 1757 3610 praeceptum
1787 3543 1839 3608 est,
1869 3547 1900 3596 ut

236 3607 355 3676 gadones
377 3607 406 3662 in
428 3607 617 3662 alienationum
637 3607 819 3662 instrumentis
837 3623 982 3676 agnoscere
1000 3607 1041 3662 vel
1091 3605 1160 3662 servi
1182 3609 1263 3676 atque
1284 3605 1389 3670 liberti,
1412 3607 1553 3676 colonique
1574 3613 1716 3676 praeterea
1736 3607 1774 3662 rei
1791 3613 1899 3664 nostrae

236 3677 264 3730 in
280 3677 518 3746 permutationibus
536 3677 578 3730 vel
594 3677 622 3730 in
640 3677 879 3738 transactionibus,
903 3679 972 3730 siet
988 3677 1041 3732 boc
1091 3689 1140 3730 nec
1163 3691 1217 3728 non
1240 3673 1321 3730 etiarn
1344 3689 1436 3728 eorum
1458 3675 1566 3730 suboles
1584 3691 1617 3730 ac
1634 3681 1752 3744 nepotes,
1778 3675 1899 3746 quicum-

238 3743 268 3798 lb
303 3745 383 3798 luerit
406 3745 585 3798 celebratum?
623 3745 683 3800 Hoc
707 3745 776 3800 enirn
800 3749 842 3798 est
865 3759 969 3810 eorum,
996 3745 1042 3812 qui
1091 3759 1142 3812 que
1164 3743 1197 3798 de
1220 3743 1320 3796 nostris
1342 3741 1558 3812 possessionibus
1578 3745 1750 3798 recessissent
1767 3759 1800 3798 ac
1816 3761 1846 3800 se
1864 3747 1899 3800 ad

236 3827 285 3868 nec
310 3813 474 3868 maiestatem
500 3813 663 3882 imperialem
689 3821 839 3882 agnoscunt
863 3817 891 3868 et
913 3817 1041 3880 quantum
1091 3813 1194 3866 diversa
1209 3811 1317 3866 militias
1337 3827 1436 3880 genera
1454 3811 1638 3876 contulissent,
1658 3811 1771 3880 cingulo,
1789 3813 1816 3868 in
1829 3817 1899 3882 (ριο7

235 3881 305 3934 inter
327 3883 456 3950 privatam
480 3881 615 3934 fortunam
638 3885 666 3936 et
686 3883 775 3950 regale
797 3881 901 3934 culmen
926 3881 1041 3940 medium
1090 3883 1266 3950 obrepserant
1287 3879 1486 3944 fraudulenter,
1511 3879 1596 3946 exuti,
1621 3879 1644 3934 si
1666 3879 1702 3934 ad
1720 3881 1823 3950 aliquas
1842 3883 1898 3936 ior·

236 3955 288 4014 est,
315 3957 342 4004 et
364 3955 470 4004 nostros
495 3953 644 4016 curatores,
671 3965 720 4020 per
744 3965 810 4018 quos
832 3965 874 4004 res
893 3949 1041 4004 divinarum
1090 3953 1162 4004 tasse
1179 3947 1393 4002 transcenderint
1411 3947 1560 4016 dignitates,
1579 3949 1650 4002 omni
1664 3951 1791 4018 temporis
1805 3949 1897 4006 delini-

236 4017 359 4072 domuum
383 4023 510 4086 aguntur,
535 4019 668 4086 aliquibus
692 4019 796 4072 iniuriis
813 4017 855 4072 vel
873 4015 975 4074 damnis
992 4019 1040 4074 ad·
1089 4017 1162 4072 tione
1179 4015 1303 4072 submota
1320 4019 1412 4072 nostm
1430 4015 1590 4084 patrimonio
1608 4015 1782 4072 redderentur
1790 4021 1807 4072 ⁸.

238 4091 267 4140 lc
285 4087 321 4152 (l)
355 4087 435 4140 licere
453 4091 592 4140 conantur.
627 4087 701 4156 Quae
719 4087 806 4140 omnia
823 4091 975 4142 resecantes
992 4103 1041 4156 per
1123 4085 1143 4142 2
1167 4083 1209 4140 Irrt
1223 4103 1275 4156 pp.
1301 4081 1509 4140 Valentinianus
1532 4083 1700 4140 Theodosius
1720 4091 1748 4142 et
1763 4087 1897 4142 Arcadius

235 4155 303 4208 hanc
330 4155 478 4222 generalem
504 4159 530 4208 et
555 4155 583 4208 in
608 4159 768 4222 perpetuum
791 4153 930 4208 valituram
956 4155 1040 4224 legem
1089 4155 1168 4208 ΑΑΑ.
1214 4159 1296 4208 cartre
1316 4153 1408 4208 comiti
1427 4169 1518 4208 reram
1535 4153 1717 4234 priuatarum.
1753 4153 1896 4212 Universas

236 4221 369 4282 sancimus
395 4237 486 4276 omnes
512 4221 684 4278 alienationes
713 4223 745 4278 de
772 4223 834 4276 aula
857 4223 1038 4292 procedentes,
1088 4229 1188 4290 terras,
1213 4237 1281 4290 quae
1304 4237 1322 4276 a
1345 4219 1448 4276 colonis
1471 4219 1611 4276 domrnieis
1634 4221 1699 4276 iuris
1717 4223 1897 4292 reipublicae

235 4291 288 4346 sive
311 4305 328 4344 a
350 4297 443 4346 nostra
465 4291 603 4344 elementia
625 4293 681 4346 sive
698 4307 715 4346 a
733 4291 900 4346 serenissima
917 4293 1040 4360 Augusta
1089 4291 1129 4346 vel
1149 4289 1216 4344 iuris
1240 4289 1419 4358 templorum⁹
1439 4291 1467 4342 in
1485 4289 1605 4358 qualibet
1619 4289 1758 4360 provincia
1774 4291 1897 4348 venditae

236 4359 345 4426 coniuge
362 4363 455 4414 nostra
471 4359 525 4414 sive
544 4361 577 4414 ab
596 4359 651 4426 his,
676 4359 722 4428 qui
738 4365 834 4428 postea
851 4359 922 4428 digni
939 4361 1040 4414 luerint
1088 4359 1129 4414 vel
1147 4357 1202 4414 ullo
1220 4357 1272 4412 alio
1289 4363 1370 4426 pacto
1389 4357 1520 4414 ahenatae
1537 4363 1614 4424 sunt,
1638 4361 1673 4414 ab
1694 4359 1749 4424 his,
1774 4361 1818 4426 qni
1835 4377 1896 4430 per-

235 4427 339 4482 nomine
360 4427 503 4496 imperiali,
527 4427 581 4482 sive
597 4427 651 4482 iam
673 4429 817 4482 alienatum
839 4429 903 4496 quid
923 4433 965 4482 est
982 4429 1039 4482 sive
1088 4441 1179 4498 peram
1202 4431 1281 4494 atque
1305 4431 1398 4480 contra
1419 4423 1491 4494 leges
1509 4439 1555 4480 eas
1573 4425 1704 4492 detinent,
1729 4429 1803 4482 nulla
1825 4429 1896 4498 longi

235 4499 329 4564 postea
346 4495 434 4564 luerit
452 4495 510 4550 sine
524 4495 595 4550 omni
608 4495 789 4566 inquietudine
803 4511 966 4564 permanere,
985 4497 1040 4552 sive
1088 4495 1215 4564 temporis
1238 4493 1452 4564 praescriptione
1475 4493 1610 4548 officiente
1634 4495 1757 4552 iubemus
1783 4497 1896 4564 restitui,

235 4579 277 4618 res
303 4565 341 4618 eis
367 4579 415 4634 per
440 4569 543 4620 nosmet
571 4565 644 4632 ipsos
676 4565 747 4618 sive²
773 4567 975 4634 procuratores,
1007 4579 1040 4618 ex
1088 4565 1127 4618 ita
1149 4569 1179 4618 ut
1202 4577 1252 4618 nec
1274 4563 1391 4632 pretium
1412 4561 1516 4630 quidem
1538 4563 1576 4616 ini
1595 4563 1635 4618 uis
1666 4567 1896 4634 comparatoribus

238 4629 271 4682 tri
296 4631 460 4700 epistalmate
473 4635 675 4700 tamennostro,
689 4631 791 4688 ineant
804 4631 966 4700 adsignatae.
1001 4633 1039 4686 Et
1088 4647 1116 4686 re
1137 4645 1228 4686 oscere
1253 4631 1341 4686 hosat.
1384 4629 1417 4684 D.
1446 4645 1465 4684 v
1488 4645 1551 4686 non,
1577 4579 1632 4684 (εἰ.
1661 4631 1896 4704 Constantinopol'

235 4711 312 4752 nemo
335 4699 432 4754 audeat
455 4715 513 4766 eos,
538 4699 584 4768 qui
605 4715 648 4756 res
668 4701 804 4770 accipiunt
821 4717 868 4770 per
886 4717 1038 4770 quemcum·
1095 4649 1286 4756 Villantr'niano
1304 4699 1335 4754 A.
1355 4711 1398 4752 111
1412 4705 1440 4754 at
1454 4697 1590 4772 Eutropio
1610 4715 1696 4754 conss.
1782 4705 1816 4766 [a.
1835 4707 1894 4768 38'1]

236 4779 285 4834 que
308 4765 414 4822 titulum
430 4767 597 4822 adorationis
620 4769 674 4824 sive
691 4767 801 4824 mobiles
820 4769 874 4822 sive
890 4769 1038 4824 immobiles
1107 4821 1108 4824 ,
1123 4765 1141 4826 3
1162 4765 1272 4888 ²⁰Irrplp.
1292 4765 1428 4822 Arcadius
1448 4773 1474 4822 et
1492 4765 1633 4822 Honorius
1649 4769 1705 4822 ΑΑ.
1725 4767 1762 4822 ari
1778 4767 1895 4824 Pauiurn

235 4849 282 4888 seu
305 4849 334 4886 se
356 4843 491 4892 moventes
509 4837 551 4890 vel
568 4837 627 4890 iura
644 4837 824 4906 incorporalia
841 4837 882 4892 vel
899 4851 981 4906 panes
1000 4837 1038 4892 ci·
1089 4837 1210 4892 comitem
1248 4851 1377 4890 omarum.
1412 4835 1514 4904 Siqua
1531 4851 1644 4906 usquam
1660 4837 1719 4890 loca
1736 4837 1771 4890 ad
1789 4851 1895 4892 sacrum

234 4901 311 4964 viles,
333 4903 437 4958 iudiciis
461 4903 576 4960 adiicere
599 4903 640 4958 vel
666 4921 775 4974 sperare
801 4905 917 4972 aliquam
944 4910 1038 4960 eontra
1088 4903 1232 4960 dominium
1250 4903 1411 4972 pertinentia
1428 4903 1571 4958 cuiuslibet
1590 4905 1726 4959 temeritas
1745 4905 1893 4974 occuparit,

235 4985 279 5026 eos
298 4983 356 5024 esse
373 4971 424 5026 sibi
441 4975 510 5026 viam
527 4977 655 5042 apertam,
674 4975 721 5028 sed
739 4973 824 5028 omma
842 4973 929 5028 aditus
947 4975 1037 5028 exclu-
1088 4973 1233 5026 secundum
1250 4969 1347 5026 veteris
1366 4987 1461 5026 census
1479 4971 1558 5026 fidem
1574 4973 1603 5026 iu
1621 4987 1671 5026 sua
1682 4973 1743 5026 iura
1754 4973 1893 5034 ,retrahen-

234 5039 324 5102 datur,
348 5039 432 5092 omnis
454 5047 542 5096 motus
567 5049 593 5094 et
615 5055 676 5110 spes
695 5041 846 5096 huiusmodi
863 5041 1036 5110 petulantiae.
1091 5047 1100 5094 1
1146 5045 1198 5096 tur.
1243 5039 1385 5108 Rescripta
1409 5041 1490 5108 igitur
1521 5041 1725 5110 obreptionibus
1752 5041 1895 5110 impetrata

235 5111 249 5160 2
284 5105 336 5160 Sed
357 5105 481 5162 adversus
503 5109 596 5164 domos
613 5115 719 5164 nostras
737 5109 867 5176 habeant,
884 5111 955 5164 intra
973 5125 1038 5178 qua·
1088 5125 1149 5164 cum
1174 5107 1386 5178 praescriptione
1410 5107 1482 5176 longi
1508 5108 1636 5176 temporis
1659 5113 1687 5164 et
1709 5109 1770 5162 novi
1797 5125 1893 5164 census

234 5173 381 5230 ffiennium
398 5179 498 5242 tamen,
523 5177 670 5232 secondum
686 5179 858 5232 imitationem
875 5177 947 5244 fisci,
972 5193 1037 5248 quas
1086 5175 1250 5246 praeiudicio
1282 5175 1450 5230 submovebit
1478 5177 1625 5232 auctoritas
1651 5183 1713 5240 tua,
1745 5185 1825 5244 atque
1856 5179 1893 5232 ita

234 5243 385 5298 existimant
401 5257 484 5310 posse
503 5245 555 5300 sibi
576 5251 725 5314 competere
743 5247 861 5302 actiones
878 5245 907 5300 in
924 5261 979 5300 rem
996 5243 1038 5302 vel
1087 5245 1176 5300 omnia
1198 5259 1248 5298 suo
1271 5245 1378 5312 corpori
1400 5259 1468 5314 quae
1486 5249 1549 5298 sunt
1565 5245 1661 5300 avulsa
1678 5245 1809 5300 restituet.
1845 5263 1893 5302 ne·

233 5309 461 5382 hypothecariam,
484 5315 514 5362 ut
537 5327 570 5368 ex
587 5319 681 5368 nostra
697 5313 814 5370 iussione
833 5329 915 5368 causa
931 5329 1036 5368 movea-
1088 5329 1138 5382 que
1157 5313 1255 5368 enim¹¹
1275 5311 1412 5368 incubatio
1434 5311 1560 5368 fflutnrna
1576 5317 1623 5368 ant
1640 5311 1745 5368 novem
1761 5313 1892 5380 professio

233 5485 264 5548 (t)
281 5485 316 5536 ric
332 5483 366 5548 R,
383 5483 471 5536 habeat
491 5483 516 5548 0,
534 5483 627 5534 habant
644 5487 679 5538 M
692 5505 743 5538 euru
761 5485 789 5536 B
806 5485 888 5552 (aar.)
941 5489 975 5552 (2)
992 5501 1037 5552 per
1085 5483 1120 5536 kl.
1135 5485 1199 5540 ootb.
1217 5487 1275 5536 iusi.
1293 5487 1376 5554 opimo
1393 5489 1443 5552 (uel
1456 5485 1601 5554 instopimc)
1652 5485 1686 5550 (9)
1703 5485 1892 5552 temptarunt),

233 5555 279 5606 ins.
293 5549 362 5604 GiR'
376 5565 459 5602 eontra
473 5551 593 5616 B(tt·rt.)
646 5555 771 5620 (alatri,
790 5555 910 5608 absiso
956 5557 989 5620 (4)
1003 5557 1035 5620 cf.
1085 5555 1103 5602 t.
1122 5553 1162 5604 dei
1180 5557 1309 5618 Utinensis,
1328 5571 1453 5606 sacrorum
1470 5557 1490 5608 t.
1508 5557 1538 5616 P,
1557 5561 1575 5604 t,
1592 5569 1719 5606 sacrorum
1736 5555 1769 5618 R,
1787 5549 1891 5608 traaas

233 5623 258 5684 8,
275 5631 310 5684 ts,
328 5629 363 5680 ar,
380 5629 409 5672 ra
501 5621 534 5686 (o)
558 5621 589 5686 rs.
614 5623 638 5684 5,
662 5635 695 5686 re,
719 5633 746 5674 ro
839 5623 874 5688 (e)
898 5623 925 5674 B
948 5625 988 5688 tlt,
1010 5635 1035 5676 rs
1085 5623 1177 5674 ratuni
1202 5623 1229 5674 B
1251 5625 1335 5688 (aa.)
1436 5625 1482 5690 (ro)
1503 5647 1539 5670 a
1558 5625 1596 5684 ll,
1615 5631 1682 5686 aar
1706 5621 1751 5674 Ti.
1771 5625 1890 5686 tuave

233 5689 266 5752 (t)
283 5687 349 5752 quod
367 5687 498 5740 Mommsen
564 5687 600 5754 (8)
617 5691 813 5758 subscriptionem
830 5693 935 5752 rbrtasss
952 5711 1034 5744 semc-
1084 5689 1125 5754 (11)
1143 5695 1188 5740 aut
1203 5693 1313 5756 precatio
1331 5691 1441 5742 colorata
1457 5693 1503 5742 aut
1526 5693 1572 5742 ins.
1593 5689 1637 5740 Ta
1655 5707 1707 5740 aaut
1726 5691 1741 5742 i.
1757 5709 1827 5760 pam,
1845 5711 1889 5744 om.

233 5761 269 5808 vit
284 5759 316 5820 A,
339 5757 525 5820 stiparent.
544 5757 665 5808 rubricam
682 5761 789 5824 sequitur
806 5761 907 5812 edictum
927 5759 1034 5812 Theoda-
1085 5759 1110 5808 Β
1129 5759 1212 5824 (ηπ.)

233 5827 280 5880 rici
295 5837 327 5878 lt.
346 5837 371 5876 lt
389 5827 431 5890 (cs.
449 5827 485 5878 ad
501 5827 523 5892 9,
542 5835 575 5890 16,
593 5827 616 5890 3)
641 5843 692 5876 cura
710 5829 755 5878 boc
773 5827 883 5878 clausula
902 5827 952 5880 dat.
971 5827 1032 5878 viiii.
