4284 6284
251 375 300 438 111
321 375 422 438 o-tt
1060 363 1119 436 lat
1514 387 1559 434 nr.
1580 387 1662 436 enos
1683 387 1914 440 rnrrrrournos

931 463 1231 476 mm———r-ffl--n

252 563 279 612 et
304 557 401 614 editam
428 555 556 608 actionem
582 553 741 622 permultum
766 551 884 606 interest.
928 553 960 608 lis
989 555 1058 610 enim
1175 551 1265 622 ,δόσαν
1288 553 1331 618 τρί’
1353 549 1465 620 dindina
1490 555 1596 622 ζημίαν.
1631 549 1734 620 ailadis
1756 551 1785 606 δί
1802 553 1916 622 ποιότης

250 631 314 682 tunc
332 627 436 682 ridetur
455 627 615 688 contestata,
640 637 700 674 cum
716 621 794 678 iudex
812 637 861 690 per
879 621 1059 678 narrationem
1175 621 1221 686 τῆς
1238 621 1372 692 ε’ναμωμῇε
1388 621 1519 686 νοείσδω,
1543 623 1578 676 είς
1595 617 1628 688 ἣν
1646 619 1660 674 ὁ
1678 619 1796 688 δικάζων
1814 627 1916 696 ἐκφέρει

251 695 350 764 negotii
371 705 480 746 causam
503 689 595 744 audire
620 691 744 760 coeperit.
791 687 840 744 D.¹
863 687 889 744 ic.
911 687 985 762 Sept.
1011 687 1059 744 Sc·
1175 687 1225 754 τὴν
1242 689 1343 758 pinon.

249 779 312 820 uero
332 775 373 816 ίίί
388 765 417 816 et
431 757 570 814 Antonino
587 757 643 812 ΑΛ.
662 773 749 816 conss.
944 763 978 822 [a.
998 761 1057 822 202]
1142 753 1160 816 3
1189 753 1269 828 ⁷Imp.
1303 753 1473 810 lastinianus
1502 757 1534 810 A.
1559 755 1679 812 totnani
1707 775 1755 828 pp.
1802 759 1915 816 otiosas

1109 823 1322 882 contrahentium
1337 823 1495 878 calliditates
1511 831 1650 894 amputare
1664 831 1838 906 properantes
1853 843 1913 882 cen·

777 915 778 918 ¹
1106 909 1208 960 semus,
1235 897 1278 958 ut,
1304 891 1328 944 si
1354 893 1413 960 quis
1436 899 1510 948 certa
1534 893 1683 960 quantitate
1705 893 1809 948 sibimet
1826 895 1914 950 debita

632 969 669 1028 X,
1107 975 1188 1040 super
1205 959 1334 1028 ampliore
1351 959 1466 1038 pecunia
1482 975 1533 1080 ρος
1549 961 1640 1040 dolum
1653 969 1681 1016 et
1694 963 1914 1042 machinationem

446 1065 491 1116 nn
509 1067 593 1120 nans
610 1063 858 1118 nnnnonna.
1106 1029 1914 1164 ttttffltrnttruttrituirritatur

285 1167 298 1224 1
321 1161 516 1240 [Αὐτοκράτωρ
534 1163 631 1236 Ζήνων
649 1167 715 1234 A.]²
886 1161 887 1164 ’
1106 1137 1326 1232 οααιήοοοίιοοο
1350 1167 1376 1218 et
1398 1163 1536 1218 teutatem
1559 1165 1641 1218 debiti
1664 1163 1803 1220 confessus
1826 1166 1914 1230 fuerit,

317 1235 392 1288 θῶς
414 1235 473 1288 τῶν
495 1233 651 1308 ἐναγόντων
672 1237 717 1284 καί
740 1229 846 1304 ἄρρενες
869 1237 912 1286 καί
935 1239 1056 1304 γυναῖκες
1106 1233 1178 1286 nullo
1202 1245 1262 1284 eum
1283 1231 1420 1312 dispendio
1444 1233 1626 1310 praegravari:
1652 1233 1693 1288 sin
1716 1238 1805 1288 autem
1829 1239 1854 1288 et
1874 1235 1915 1290 liti

315 1301 368 1376 πρὸ
391 1303 436 1368 τῆς
460 1299 606 1376 ὡρισμένης
623 1301 792 1374 προθεσμίας
814 1303 873 1354 τῶν
893 1305 980 1374 χρεῶν
998 1299 1055 1356 tud·
1105 1299 1230 1370 praebuit
1247 1299 1383 1354 exordium
1402 1305 1428 1356 et
1444 1317 1473 1356 ru
1490 1301 1679 1356 certaminibus
1697 1301 1797 1370 negotii
1810 1317 1914 1372 perma-

314 1389 408 1444 youres
429 1377 473 1424 καί
494 1371 657 1424 natatoriae
675 1365 724 1422 τὸν
742 1365 903 1440 ἐναχόμςνον
920 1365 1055 1436 βλάπτον·
1105 1383 1171 1426 nens
1185 1375 1313 1436 arguatur
1328 1367 1362 1422 de
1376 1367 1480 1422 adiecta
1493 1367 1557 1424 falsi
1572 1371 1719 1436 quantitate
1726 1373 1743 1436 ⁸,
1762 1385 1816 1422 non
1829 1369 1914 1424 solum

314 1455 357 1494 τες
380 1437 461 1494 aiilon
483 1439 612 1492 τοσοῦτον
635 1455 696 1510 περι
717 1439 854 1490 ενότωσαν
876 1437 985 1522 χρόνον,
1002 1457 1055 1524 μη·
1106 1453 1151 1502 ea,
1174 1435 1221 1490 sed
1245 1437 1324 1490 etiam
1342 1441 1398 1490 toto
1417 1437 1507 1490 debito
1526 1453 1585 1490 eum
1602 1437 1734 1492 daudati:
1753 1437 1912 1492 transactio-

314 1505 380 1560 δέκα
397 1505 478 1562 τόκον
495 1509 524 1558 ἐν
542 1507 582 1572 τῷ
600 1509 673 1572 neap
722 1501 878 1574 μβόνοντες,
896 1501 961 1560 doen
979 1509 1056 1558 αυτοὶ
1105 1505 1183 1560 nibus
1198 1503 1302 1560 scincet
1315 1507 1342 1558 et
1355 1503 1476 1558 secundis
1491 1503 1710 1572 confessionibus,
1729 1505 1782 1560 sire
1795 1507 1912 1560 insinua·

314 1571 477 1650 apennina
507 1571 557 1638 τὴν
587 1573 762 1646 προθεσμίαν
788 1575 978 1644 ἐπεχείρησαν,
1010 1575 1056 1626 καί
1105 1579 1148 1628 tae
1166 1571 1221 1628 sint
1238 1573 1292 1626 sire
1308 1587 1377 1636 non,
1401 1573 1481 1626 etiam
1497 1573 1526 1626 in
1542 1575 1594 1628 hoo
1613 1589 1678 1628 casn
1697 1589 1772 1628 snam
1789 1575 1911 1628 obtinen-

314 1645 361 1698 τοῦ
385 1641 480 1716 χρόνον
504 1635 534 1692 δὲ
557 1639 653 1694 τούτου
675 1643 891 1716 παρατρέχοντας
912 1641 950 1710 μὴ
969 1637 1056 1694 cilicos
1104 1641 1177 1696 tibus
1208 1639 1374 1694 firmitatem:
1407 1639 1506 1694 talibus
1538 1641 1635 1696 etenim
1667 1641 1836 1698 cautionibus
1861 1641 1912 1696 hoc

314 1717 499 1798 εναχίτωσαν,
526 1709 549 1760 εί
570 1707 608 1778 μὴ
631 1707 665 1760 τά
684 1705 866 1778 δαπανήματα
884 1711 930 1776 τῆς
947 1707 1056 1782 πρώτης
1105 1709 1210 1764 obicere
1234 1725 1288 1764 non
1313 1713 1427 1776 oportet.
1467 1707 1499 1764 D.
1519 1725 1564 1764 ιον
1583 1707 1608 1762 Ιί.
1632 1709 1700 1764 Noc.
1721 1707 1911 1766 Constantino·

314 1775 419 1834 είσοδου
445 1775 478 1830 τοὶ
504 1771 571 1848 ὑπὲρ
597 1779 644 1842 τῆς
668 1773 814 1846 ancarana
839 1773 981 1846 συμβάντα
1010 1779 1053 1842 ’τῷ
1100 1777 1165 1850 poli
1180 1773 1442 1848 postconsulatum
1465 1775 1611 1850 Lampadii
1637 1785 1664 1834 ct
1690 1775 1792 1834 Orestis
1814 1791 1855 1832 σν.
1875 1793 1911 1832 cc.

314 1845 426 1912 diadinae
459 1845 649 1914 καταβάλωσιν
658 1845 675 1898 ⁴.
717 1839 780 1896 Ἐὰν
806 1841 836 1896 δὲ
866 1849 1009 1914 ἐπίτροποι
1038 1841 1056 1912 ἢ
1105 1859 1178 1902 nnnc
1195 1843 1321 1900 secundo.
1585 1851 1587 1856 “
1799 1852 1833 1911 [a.
1852 1849 1910 1910 532]

314 1911 477 1986 uoupoiacrpce
498 1915 528 1966 ἐν
548 1911 637 1986 χρόνῳ
661 1907 677 1980 ἢ
700 1909 831 1980 ποσότητι
855 1911 938 1968 πλέον
958 1917 1054 1980 ἐπιχει-

313 1981 432 2058 ρήσωσιν
449 1977 597 2048 ἀπαιτῆσαι
618 1977 678 2054 τοὺς
695 1983 754 2034 ταῖν
771 1977 957 2050 arcanarum
972 1977 1054 2054 χρεοό·

314 2067 390 2114 στας,
413 2043 492 2102 οὐδὲν
515 2047 808 2118 emendicatis-hauan
832 2049 859 2102 oi
883 2045 1054 2122 ίπιτροπευό-
1473 2053 1542 2112 ’ΧΠ

312 2139 389 2190 μενοι
407 2115 424 2186 ἢ
440 2115 707 2192 κονρατιορενόμισνοι,
728 2113 804 2170 αὐτοὶ
822 2115 852 2170 δι’
869 2115 897 2172 oi
911 2119 1054 2190 ἐπίτροποί
1354 2151 1400 2202 DE
1417 2151 1661 2204 DILATIONIBUS

313 2183 330 2254 ἢ
346 2181 510 2260 ιιουρόιτοιρες
526 2187 781 2258 όπιχινοισκέτιοσαν
797 2181 885 2238 αὐτοῖς
899 2183 949 2250 τὴν
965 2187 1053 2238 ducci-
1663 2191 1668 2204 “

263 2263 278 2312 2
312 2257 367 2310 aa
389 2259 592 2322 συμβαίνουσαν
615 2255 720 2320 ζημίαν.
758 2251 790 2306 Οἱ
813 2249 842 2304 δὲ
863 2253 1053 2326 κληρουομιαῖα
1138 2248 1152 2307 1
1178 2247 1242 2304 ¹⁰Int
1256 2265 1288 2322 p.
1301 2247 1488 2306 Diocletianus
1505 2257 1532 2306 ct
1545 2251 1733 2308 Maximianus
1748 2253 1804 2306 ΛΑ.
1823 2257 1850 2308 ct
1863 2251 1910 2308 CC.

313 2319 478 2376 ἐκδικοῦντες
500 2317 645 2394 πράγματα
669 2317 686 2388 ἢ
713 2319 804 2394 λόγους
827 2319 1014 2394 ἐπιτροπικοὺς
1037 2315 1054 2386 ἢ
1103 2317 1209 2372 dicant:
1237 2265 1367 2386 tuomum
1384 2319 1539 2390 plerumque
1556 2321 1650 2388 evenit,
1668 2327 1700 2376 ut
1716 2321 1796 2374 index
1812 2321 1910 2376 instru-

313 2397 510 2464 κσυρατωρείας
527 2385 702 2444 ἀπαιτοῦντες
719 2391 764 2442 nni
782 2389 809 2442 oi
829 2389 897 2442 κατὰ
914 2385 1054 2476 appiana
1103 2389 1251 2442 mentorum
1277 2385 1319 2442 rel
1348 2403 1523 2456 personarum
1551 2389 1638 2456 gratia
1668 2389 1821 2444 ddationem
1847 2389 1911 2442 dare

313 2457 329 2528 ἢ
355 2455 490 2528 μειζόνων
513 2463 574 2530 περὶ
597 2455 750 2512 drotu'cems
771 2459 905 2512 cruciares
928 2479 945 2524 η
967 2477 1053 2530 παρα·
1102 2469 1191 2508 rerum
1208 2455 1369 2510 necelaitata
1386 2461 1505 2526 cogatur,
1530 2455 1647 2536 Spatium
1663 2457 1845 2512 instructionis
1864 2473 1908 2510 ex·

312 2525 399 2596 uince
428 2521 475 2598 ip’
508 2525 609 2598 ἑτάρων
635 2479 779 2592 deiunctae
809 2521 984 2580 ἀπαιτοῦντες
1016 2521 1053 2578 τός
1104 2527 1116 2576 1
1152 2521 1284 2576 bibendae
1307 2523 1472 2592 postulatum
1493 2523 1552 2578 dam
1577 2525 1722 2580 conveniet.
1765 2523 1841 2592 Quod
1859 2525 1911 2580 hac

313 2595 389 2650 αὐτοὶ
413 2597 471 2646 τῶν
488 2595 691 2666 παραθιμόναιν
708 2589 827 2658 διάδοχοι
848 2591 987 2664 γενόμενοι
1003 2613 1051 2672 μη·
1102 2591 1206 2646 ratione
1229 2591 1390 2646 arbitramur
1413 2607 1473 2648 esse
1494 2593 1696 2658 mo'derandorn,
1720 2597 1764 2658 nt,
1789 2593 1812 2646 si
1829 2609 1861 2648 ex
1880 2609 1911 2646 ea

312 2661 360 2718 dtu
385 2665 414 2714 ea
439 2663 485 2730 τῆς
513 2657 752 2734 δπεραπαιτὴσεωί
779 2657 990 2730 ζημιοόσδωσαν
1016 2677 1053 2714 ως
1102 2657 1239 2728 provincia
1262 2661 1309 2714 ubi
1331 2661 1363 2718 lis
1381 2661 1469 2730 agitur
1485 2661 1527 2714 rel
1543 2677 1659 2730 persona
1676 2661 1717 2716 rel
1733 2661 1911 2716 instrumenta

312 2729 420 2784 δικαίαν
443 2733 546 2796 ἔχοντες
569 2729 614 2796 τῆς
636 2723 744 2802 ippotae
768 2729 871 2782 αἰτίαν·
898 2725 960 2782 τότε
983 2723 1051 2782 δίὸ
1101 2731 1260 2796 poscantur,
1295 2745 1348 2784 non
1373 2727 1485 2798 amplius
1511 2745 1590 2796 quarn
1614 2733 1669 2784 tres
1694 2745 1798 2784 meuses
1823 2727 1908 2784 indul-

311 2795 505 2872 riorepaaacaoiu
524 2793 690 2866 ζημιούσθω,
708 2793 753 2850 ὅτε
770 2797 916 2868 προφανῶς
933 2791 1051 2868 ἠλέγχθη
1100 2797 1225 2864 guantur:
1253 2795 1276 2850 si
1302 2811 1363 2850 veru
1391 2813 1424 2852 ax
1450 2795 1647 2852 continentibus
1673 2797 1830 2868 provinciiS,
1862 2811 1908 2852 sex

262 2877 277 2926 3
298 2865 489 2922 πλεονεκτεῖν.
523 2865 557 2916 nt
574 2861 606 2918 δέ
620 2883 660 2918 τις
677 2865 714 2918 είς
730 2863 844 2918 ciurana
860 2867 906 2932 τῆς
923 2859 1053 2930 ἀληθείας
1101 2877 1204 2918 menses
1224 2863 1353 2918 custodiri
1368 2865 1487 2920 iustitiae
1504 2871 1557 2920 est:
1582 2865 1610 2916 in
1626 2865 1804 2922 transmarina
1822 2871 1908 2920 autem

311 2931 482 3002 διετιμὴσατο
512 2931 561 3000 τὴν
587 2933 681 2986 ἑαυτοῦ
708 2931 798 3000 δίκην,
830 2931 867 3002 μὴ
899 2951 920 2986 π
938 2937 1052 3004 οσεχίτω
1103 2935 1117 2986 ί
1144 2931 1270 2986 dilatione
1283 2949 1377 2986 norem
1390 2949 1494 2988 menses
1508 2933 1657 3002 computari
1665 2933 1806 3002 oportebit.
1833 2933 1910 3002 Quod

311 3001 400 3068 τούτῳ
424 2997 438 3054 ό
463 2999 591 3066 δικάζων,
615 2997 681 3054 utta
706 2999 774 3074 πρός
796 2999 845 3068 τὴν
863 2953 954 3068 atain
970 2997 1051 3054 ποσό-
1100 2999 1140 3054 ita
1164 2999 1339 3054 coustitutum
1360 3001 1509 3058 iudicantes
1527 3001 1624 3056 sentire
1643 3001 1788 3066 debebunt,
1811 3009 1842 3054 ut
1859 3003 1908 3054 hac

311 3089 380 3138 τητα
396 3069 447 3136 τὴν
464 3071 555 3142 ψῆφον
574 3073 714 3140 ἐκφερέτω.
811 3075 846 3134 [α.
865 3073 914 3124 486
932 3069 975 3124 oct
990 3073 1050 3132 487]
1100 3069 1205 3122 ratione
1223 3083 1277 3122 non
1295 3069 1346 3124 sibi
1364 3085 1521 3126 concessum
1538 3069 1693 3138 intellegant
1715 3069 1818 3124 dandae
1844 3069 1908 3124 dila·

278 3133 528 3212 2⁵[Airaapaicap
542 3133 728 3192 ’ίουστινιαυὸς
745 3141 790 3202 Α.]
1102 3135 1183 3190 tionis
1206 3135 1359 3204 arbitrium,
1382 3137 1429 3192 sed
1451 3137 1561 3192 eandem
1586 3137 1750 3204 dilationem,
1775 3137 1798 3194 si
1821 3153 1907 3192 rerum

311 3203 388 3260 6Ἐάν
410 3223 450 3258 τις
473 3207 530 3258 τῶν
552 3201 708 3278 ἐναγόντων
725 3207 755 3258 ἐν
775 3207 815 3272 τῷ
839 3201 1051 3274 διαπεμπσμένῳ
1101 3201 1306 3272 urguentissirna
1329 3205 1398 3262 ratio
1419 3207 1578 3274 flagitaverit
1600 3211 1626 3258 et
1643 3205 1787 3260 necessitas
1806 3203 1907 3260 deside-

312 3269 378 3344 nnp’
405 3271 486 3328 ainai
507 3271 738 3342 paulianistae
761 3271 899 3342 ποσότητα
920 3273 1053 3326 ardennae
1101 3279 1176 3326 ratae
1193 3269 1377 3328 instructionis
1395 3289 1442 3330 exe
1475 3273 1518 3338 rit,
1536 3289 1590 3330 non
1604 3273 1683 3328 tarne
1698 3273 1811 3342 amplios
1829 3289 1908 3342 qoam

311 3343 434 3402 πίείονος
463 3345 555 3410 ζημίας
583 3343 666 3396 αίτισς
688 3343 729 3408 τῷ
753 3341 907 3396 circuitum
933 3345 1051 3414 γένηται,
1101 3339 1183 3396 semel
1199 3353 1250 3394 nec
1267 3341 1322 3396 ulla
1338 3343 1435 3398 trohen
1454 3343 1539 3396 iarte
1556 3341 1643 3398 sciant
1657 3357 1716 3396 esse
1730 3341 1907 3396 tribuendam.

311 3409 490 3490 apinianicae
508 3405 607 3464 διδότω
625 3407 675 3476 τὴν
692 3405 759 3484 παρ’
781 3411 871 3464 αἰτίαν
890 3411 969 3462 αὐτοῦ
988 3427 1052 3478 cup·
1100 3405 1135 3462 D.
1153 3419 1198 3462 Χί
1211 3405 1238 3462 lt.
1255 3409 1369 3482 Arimin
1388 3409 1435 3466 CC.
1454 3425 1541 3466 conss.
1796 3415 1830 3474 [a.
1849 3413 1908 3474 294]

243 3557 273 3620 tr)
293 3555 315 3604 d.
334 3569 366 3604 111
384 3555 435 3614 i‚1
464 3561 477 3602 a
545 3551 576 3612 (tt
595 3549 772 3614 inscriptionem
789 3549 884 3600 restitui
899 3567 928 3600 ec
946 3549 1007 3600 lust.
1024 3551 1049 3612 t,
1099 3549 1164 3598 tores
1182 3543 1244 3596 talia
1259 3549 1430 3612 perpetrantes
1446 3545 1493 3612 ipsi
1511 3547 1701 3600 damnabuntur.
1728 3547 1786 3612 (iai
1801 3549 1908 3612 exceptis

245 3631 320 3686 αδδ.
345 3623 377 3674 34
387 3631 410 3672 et
427 3623 450 3684 t,
460 3629 493 3680 tr,
502 3627 536 3682 10,
554 3619 579 3668 in
590 3619 674 3684 quidue
683 3635 713 3668 ea
722 3633 786 3682 qnae
795 3619 945 3668 continentur
961 3617 1050 3668 indicis
1099 3615 1151 3678 his,
1169 3615 1213 3678 qui
1230 3629 1269 3666 ree
1286 3615 1449 3666 hereditarias
1466 3619 1556 3682 petuam
1572 3619 1617 3666 aut
1634 3617 1742 3666 rationes
1760 3615 1851 3666 tutelae
1868 3615 1908 3666 rel

241 3709 282 3758 pr.
300 3703 322 3742 ct
341 3697 353 3750 §
372 3699 383 3740 t
403 3687 560 3738 Zenonianac
578 3687 739 3736 constitutioni
758 3687 933 3736 attritmmtnr:
950 3687 1050 3752 inopen·
1100 3699 1187 3746 curae,
1211 3681 1263 3732 sire
1289 3681 1334 3748 qui
1362 3683 1518 3748 negotiorum
1541 3687 1666 3750 gestorum
1690 3683 1800 3748 (nogotia
1823 3685 1907 3748 Harl.)

245 3753 791 3820 daeuidcntur2‚t,raetqnaeibt'iaadnutar
826 3753 1048 3818 (3)=Bi,u,nt:
1100 3753 1179 3816 agunt
1196 3753 1284 3802 contra
1300 3749 1408 3802 minores
1424 3767 1467 3802 seu
1484 3753 1596 3816 maiores,
1619 3753 1659 3804 vel
1681 3751 1725 3816 qui
1742 3751 1852 3816 deposita
1869 3767 1905 3802 re

244 3823 614 3890 chatioaepitcnacfiuotn
668 3821 699 3882 tt)
710 3825 820 3886 μετίοιεν
830 3841 864 3884 μοι
879 3823 934 3888 ι’μςο
944 3821 1050 3874 Zenonis
1098 3821 1189 3884 petunt
1202 3819 1274 3882 quasi
1288 3833 1317 3870 ex
1331 3819 1491 3870 successione.
1523 3824 1578 3885 trs)
1595 3821 1638 3884 qui
1652 3823 1734 3872 autom
1748 3819 1830 3870 minus
1844 3821 1908 3886 petit

244 3893 410 3946 constitutione.
422 3893 519 3942 ueniunt
528 3907 589 3954 quac
599 3889 723 3940 adduntur
732 3889 823 3940 inlust
835 3891 859 3952 4,
868 3899 900 3954 ta,
911 3899 948 3942 tor
966 3891 996 3940 ut
1010 3905 1046 3940 ao·
1099 3887 1127 3936 in
1144 3885 1247 3952 iudicio,
1264 3887 1292 3938 in
1310 3887 1381 3938 nullo
1399 3887 1515 3938 laeditur.
1551 3891 1599 3956 (qt
1619 3915 1650 3932 =
1667 3889 1720 3954 aa)
1736 3887 1758 3936 st
1776 3889 1833 3952 quis
1849 3903 1907 3938 roro

244 3965 309 4014 tores
317 3961 363 4012 tali
371 3975 450 4026 poena
458 3957 585 4026 perterriti
598 3959 709 4020 tempora
722 3957 805 4008 litium
821 3957 955 4008 doceantur
968 3957 1049 4008 obser·
1100 3957 1233 4020 rumorem,
1257 3971 1332 4020 quam
1353 3957 1401 4006 cibi
1419 3955 1560 4022 deberetur,
1588 3957 1752 4020 quantitatem
1773 3957 1800 4006 in
1822 3957 1907 4008 libello

243 4045 302 4080 tare
353 4031 384 4092 (5)
403 4027 528 4092 inscriptio
543 4025 798 4088 tarnuanense
815 4029 984 4078 restitutaest:
998 4029 1050 4078 iun·
1100 4023 1272 4074 conuentionis
1295 4023 1414 4090 inseruit,
1436 4023 1464 4074 in
1487 4023 1590 4090 triplum
1613 4025 1680 4088 parti
1703 4023 1817 4074 adversae
1835 4025 1905 4074 neufi-

243 4101 338 4166 pendae
348 4097 459 4148 nidcntnr
469 4097 492 4158 3,
500 4083 691 4158 antiochaeni
703 4089 810 4164 ἐπάρχῳ
820 4097 1049 4164 asperrumum...
1099 4095 1170 4144 tuere
1191 4091 1366 4158 compelletur,
1390 4091 1512 4156 quidquid
1536 4093 1613 4158 (qnod
1631 4093 1686 4156 quis
1703 4091 1788 4158 Harl.)
1814 4107 1843 4144 ex
1861 4093 1906 4142 hac
1954 4137 1955 4140 ,

242 4163 442 4218 D.v111k.Iui.
463 4161 617 4212 Chalcedone
635 4161 771 4226 Lampadio
785 4163 810 4212 et
823 4163 906 4212 Oreste
924 4167 1011 4218 conss.)
1028 4173 1050 4212 et
1099 4175 1173 4212 causa
1202 4161 1371 4226 sportularum
1398 4159 1497 4212 nomine
1520 4161 1703 4212 exsecutoribus
1724 4161 1840 4224 (enecat.
1862 4179 1905 4212 on.

218 4271 220 4274 -
244 4253 306 4302 qnae
322 4235 360 4286 idi
376 4233 508 4284 laudantur
564 4233 597 4294 (a)
614 4253 649 4276 a·
666 4229 693 4282 B
707 4233 730 4296 i,
740 4241 760 4292 6,
772 4239 810 4282 aa:
829 4233 958 4282 versionem
976 4231 1049 4282 Lati·
1100 4227 1186 4290 Harl.)
1204 4229 1311 4294 amplius
1328 4227 1431 4278 dederit.
1474 4231 1497 4280 in
1517 4229 1656 4282 Horteiano
1682 4231 1845 4296 praemittitur
1870 4231 1906 4282 in·

243 4323 299 4354 acm
316 4321 332 4354 a
353 4301 435 4352 Οοοίίο
454 4299 541 4350 editam
558 4299 584 4350 iu
602 4299 663 4350 libro
680 4299 819 4350 Harteiano
837 4309 885 4350 ortt
904 4299 978 4350 musci
987 4299 1049 4350 Bri·
1098 4297 1199 4362 scriptio
1220 4295 1279 4362 imp.
1304 4297 1362 4346 inst.
1385 4297 1471 4348 verino
1497 4297 1590 4350 nomine
1617 4297 1703 4350 Varini
1723 4299 1850 4362 adsumpto
1878 4317 1906 4348 cu

244 4371 336 4422 tocnici
352 4369 459 4434 repperit
476 4365 584 4418 Haclius
602 4367 677 4416 lanc:
701 4365 807 4416 Zenonis
830 4365 899 4416 divae
917 4367 1048 4416 memoriae
1099 4367 1123 4428 3,
1133 4375 1166 4428 ta,
1177 4375 1194 4428 1,
1212 4367 1366 4434 sutinnpitur
1382 4367 1458 4416 const.
1477 4381 1491 4414 a
1508 4365 1566 4417 dno.
1583 4367 1654 4428 petro
1678 4365 1707 4416 de
1724 4363 1832 4416 cardona
1848 4365 1905 4426 {non

242 4437 354 4500 ιοςίίρίίς
370 4437 528 4486 inhaerentes
545 4433 695 4498 (insistentes
707 4435 783 4498 Cant.)
800 4433 924 4500 praesenti
938 4431 993 4498 iege
1007 4433 1047 4484 de·
1099 4431 1216 4496 cortona)
1241 4431 1362 4484 translata
1383 4431 1413 4482 de
1435 4449 1508 4498 greco
1532 4433 1559 4484 in
1580 4431 1652 4486 latin.
1676 4435 1768 4486 initian
1789 4435 1905 4484 versionis

243 4505 374 4568 cernimus,
391 4507 429 4566 nt,
446 4503 596 4566 quicumque
612 4505 669 4552 ante
690 4505 785 4566 tempus
803 4501 913 4554 debitum
931 4503 1048 4566 exegerit,
1100 4503 1132 4552 cd
1155 4503 1233 4568 ι’μςίας
1256 4503 1431 4554 constitutionis
1451 4503 1526 4552 uerba
1549 4503 1662 4554 accedere
1684 4503 1791 4554 uidetur:
1816 4521 1830 4552 a
1853 4519 1905 4552 ocr-

242 4575 312 4624 tanto
334 4575 442 4636 tempore
466 4569 533 4620 ultra
549 4571 712 4620 conentutum
732 4573 829 4634 tempus
845 4569 975 4620 manifesta
992 4569 1049 4634 pius
1100 4569 1136 4620 tn
1161 4587 1217 4620 vcro
1245 4569 1395 4632 quicumque
1420 4571 1478 4620 ante
1504 4571 1608 4620 conduct
1633 4571 1748 4636 epitomen
1776 4587 1794 4620 a.
1814 4581 1824 4620 1
1848 4579 1871 4620 ct
1894 4579 1904 4618 a

242 4641 363 4706 petitione
385 4639 438 4688 sinc
461 4653 593 4688 usurarum
614 4639 757 4702 acceptione
775 4641 897 4704 expectet:
924 4653 969 4686 nec
987 4641 1048 4688 tunc
1098 4637 1133 4698 (a)
1151 4637 1174 4688 B
1192 4639 1215 4700 ί,
1235 4647 1255 4700 a,
1274 4647 1299 4690 aa
1384 4637 1418 4698 ts)
1436 4637 1577 4700 quantitate
1594 4635 1651 4686 falsi
1668 4635 1712 4700 Li,
1732 4635 1788 4686 falsi
1806 4657 1849 4688 οια.
1868 4635 1905 4686 12⁰

242 4725 315 4772 agere
338 4709 395 4758 ante
419 4707 511 4770 potest,
535 4721 608 4770 quam
632 4707 715 4756 omnia
738 4707 827 4756 damna
849 4705 915 4770 parti
933 4705 1048 4756 adversae
1098 4703 1133 4768 (9)
1153 4707 1180 4758 Β
1199 4707 1221 4768 7,
1241 4719 1271 4758 tt.
1289 4731 1323 4740 —-
1343 4701 1380 4770 Os.
1390 4705 1452 4770 Dip.
1472 4707 1494 4770 i,
1512 4715 1537 4758 ra
1606 4707 1652 4770 tto)
1670 4707 1805 4772 incipendae
1823 4705 1904 4756 uiden·

242 4777 364 4826 rectitnat.
399 4773 455 4840 (tt)
473 4775 567 4826 tutores
585 4789 642 4826 uero
660 4777 684 4824 et
703 4775 805 4844 (tutores
822 4773 861 4824 vel
881 4773 958 4836 Cant.)
977 4789 1047 4824 eura·
1100 4785 1138 4824 tur
1156 4775 1180 4836 3,
1198 4783 1218 4836 3,
1238 4785 1257 4824 a.
1275 4775 1300 4836 t,
1319 4783 1354 4836 ta,
1373 4783 1393 4824 8.
1413 4777 1435 4838 ί,
1454 4783 1519 4838 cat
1585 4773 1626 4836 (n)
1645 4775 1709 4838 Aug.
1727 4775 1751 4836 3,
1770 4783 1822 4836 aa

276 4941 291 4998 1
312 4939 441 5010 Quisquis
458 4947 536 4998 actor
551 4941 607 4998 stuc
624 4941 666 4996 air
681 4941 737 4998 sinc
752 4941 858 5012 femina
875 4947 939 4996 autc
953 4941 1047 5010 delini·
1098 4947 1195 4996 contra
1212 4941 1331 4996 mitiores
1347 4941 1496 4998 maioresve
1517 4941 1550 4994 dc
1567 4939 1802 4996 administratione
1820 4947 1905 5012 aputu

243 5017 298 5066 tum
315 5007 369 5064 obii
389 5009 477 5064 αίίοιιί
494 5015 546 5064 tem
565 5025 598 5064 us
615 5011 701 5080 οηανίί
721 5025 805 5082 eaque
822 5011 930 5064 ratione
948 5007 1046 5064 damno
1097 5009 1140 5064 oei
1164 5007 1290 5080 deposita
1316 5007 1349 5064 ab
1376 5009 1438 5064 aliis
1463 5009 1543 5080 facta
1565 5013 1713 5080 reposcunt
1736 5025 1906 5064 successores

242 5093 317 5134 rcum
348 5091 366 5130 a
389 5079 484 5142 αοανίί,
516 5083 630 5132 atnam
664 5083 767 5132 tanam
794 5083 897 5150 tempus
922 5081 1049 5148 eupsetet
1097 5093 1191 5132 corum
1208 5077 1256 5148 qui
1272 5075 1459 5148 deposuerunt
1473 5075 1620 5142 coarctati,
1640 5091 1698 5130 cum
1713 5075 1813 5132 iustam
1827 5077 1902 5148 ipno·

242 5145 333 5202 usuris
355 5143 435 5196 necti
458 5145 585 5216 temporis
605 5145 745 5218 privatus,
770 5151 873 5214 quanto
896 5145 907 5200 i
926 5161 956 5200 sc
977 5145 1047 5202 diem
1097 5147 1204 5200 rantiae
1218 5159 1328 5198 causam
1343 5145 1468 5210 doleant,
1486 5161 1523 5200 eu
1535 5145 1602 5216 pius
1613 5145 1749 5214 pontione
1764 5143 1905 5200 aarum·

236 5213 432 5286 praestitutum
455 5217 620 5268 antecertcrc
637 5229 720 5268 eustos
742 5217 794 5278 cst,
818 5229 884 5270 neoc
902 5161 959 5268 tion
983 5219 1046 5268 tem·
1098 5217 1152 5268 tum
1170 5229 1226 5266 τιοιι
1244 5213 1362 5284 capiant.
1391 5215 1489 5268 totiens
1505 5219 1596 5268 autem
1613 5211 1660 5280 qui
1671 5211 1739 5292 ptus
1754 5213 1825 5284 petit
1838 5211 1905 5266 mui-

237 5299 309 5354 μονα
324 5283 463 5336 trausacto
473 5277 552 5334 aliter
566 5283 699 5336 arnonem
712 5279 909 5346 institucioni
923 5297 983 5334 sum
1005 5287 1047 5336 tus
1097 5285 1176 5346 tetur,
1194 5281 1320 5350 quotiens
1337 5279 1440 5334 lucrum
1458 5297 1476 5334 a
1491 5285 1587 5350 petere
1604 5281 1750 5358 marnrfesto
1767 5281 1905 5334 comnotus

237 5349 345 5422 prioris
366 5345 551 5402 conuentionis
577 5365 614 5404 cu
635 5347 783 5404 calliditate
803 5349 936 5404 anundus
953 5367 969 5402 a
987 5367 1046 5404 -rcr-
1097 5351 1112 5400 3
1147 5347 1205 5404 crit.
1241 5345 1362 5412 Quodsi
1381 5349 1443 5418 quis
1473 5355 1536 5402 rtem
1553 5363 1629 5404 suam
1647 5347 1761 5400 manans
1778 5363 1857 5418 quant
1875 5363 1905 5402 rc

244 5424 255 5471 r
290 5417 366 5472 sario
378 5413 556 5486 praestiterit.
593 5413 623 5468 Si
640 5433 703 5472 uero
728 5421 831 5472 tutores
847 5415 889 5472 oct
905 5423 1046 5472 curatores
1096 5433 1160 5470 uera
1178 5419 1218 5468 cst
1236 5415 1381 5482 rennuerit,
1406 5415 1491 5472 iudex
1512 5415 1551 5468 ad
1571 5415 1602 5468 id
1617 5431 1673 5468 uon
1694 5415 1836 5484 respiciat,
1857 5415 1905 5470 scd

242 5489 291 5540 aut
312 5489 431 5556 tempore
453 5487 502 5538 aut
524 5481 675 5550 quantitate
691 5483 760 5562 ptus
782 5499 798 5538 a
819 5483 984 5540 mitioribus
1001 5501 1044 5538 οο-
1095 5481 1125 5536 in
1139 5499 1230 5538 ueram
1244 5485 1422 5604 χνααίίταίοαι
1437 5483 1596 5538 senteutiam
1606 5483 1690 5552 ferat.
1768 5549 1773 5560 Ι

240 5569 302 5606 rum
318 5567 433 5632 quorum
450 5565 544 5604 curam
560 5551 648 5620 apuut
660 5567 772 5622 caepae
785 5553 846 5606 ausi
858 5553 975 5622 fuerint,
994 5551 1044 5606 icoc
1130 5547 1149 5606 2
1168 5547 1238 5622 Imp.
1265 5551 1418 5606 asinianus
1427 5551 1458 5606 Α.
1477 5549 1507 5604 a·
1517 5551 1710 5622 quisuctorum
1718 5565 1822 5604 αοαίονο
1834 5551 1863 5604 iu
1873 5551 1903 5604 ii-

242 5637 297 5674 non
313 5635 348 5674 us
365 5619 414 5688 qui
428 5619 477 5674 sub
497 5615 579 5672 tutela
596 5613 638 5670 oct
654 5631 720 5672 cura
736 5625 800 5676 sunt
815 5619 914 5690 naudi
929 5619 974 5686 sit,
998 5617 1046 5676 sed
1096 5615 1164 5674 dolio
1181 5635 1242 5674 ase
1254 5619 1336 5674 misso
1346 5619 1609 5688 anaantatctnsnm
1618 5617 1805 5688 praetoresue
1825 5635 1904 5674 cusas

241 5687 295 5760 apsi
318 5691 421 5742 tutores
443 5685 485 5742 oei
506 5691 646 5742 curatores
668 5683 793 5742 damnum
810 5685 886 5758 quod
901 5685 964 5742 inde
981 5703 1044 5742 con·
1094 5701 1142 5740 nco
1154 5685 1285 5754 attulerit,
1297 5689 1326 5742 in
1337 5685 1789 5764 tnpiumrestituatdarnnum,quo
1817 5685 1904 5756 ίμοίυς

242 5761 257 5812 ί
293 5753 384 5826 tiparit
405 5755 530 5808 sennaar.
570 5751 776 5830 Quincunces
799 5755 1043 5826 hereditariaspc-
1095 5753 1469 5826 culpandocrsariocontipit.
1488 5753 1902 5824 ocraautcmintcnttouisquon-

243 5827 303 5878 tutet
326 5819 369 5878 oei
395 5821 493 5878 tutelae
518 5837 631 5878 mracoc
656 5823 779 5876 rataortes
802 5823 919 5892 cuipam
944 5829 971 5880 ct
996 5823 1044 5892 qui
1096 5821 1160 5878 titas
1177 5839 1210 5878 co
1226 5823 1409 5894 iutellepatur,
1425 5823 1455 5878 in
1469 5837 1555 5892 qnam
1564 5817 1650 5876 iniec
1662 5821 1822 5878 centanam
1835 5823 1905 5892 fert.
