4258 6258
248 355 300 420 13

1064 347 1103 420 26

1674 365 1719 412 DE
1741 363 1910 412 EPISCOPIS

926 449 1227 462 mmm-amma-

247 537 353 594 οῖκείων
370 535 456 608 εάχῶν
473 537 523 606 τὴν
539 531 678 606 εἰμένειαν
695 531 741 590 τοῦ
760 535 959 614 φιλανθρώπου
983 537 1050 592 θεοῦ

247 611 301 660 τοῖς
317 613 414 662 κοινοῖς
430 609 579 678 περιποιεῖν
597 603 753 672 ἐτάχθησαν
765 603 919 682 πράγμασι,
944 603 987 658 διὰ
1004 609 1051 660 τοῦ

247 693 285 730 πα
303 673 380 732 όντος
401 669 483 744 νόμον
502 675 680 744 θεσπίζομεν,
704 669 792 730 ὁσάκις
809 673 843 732 ἀν
860 679 891 728 ἐν
907 669 1051 742 οἰηδήποτε

246 697 322 798 πόλει
344 741 477 818 ἱερατικὸν
500 737 605 824 θρόνον
626 739 753 810 σχολάσαι
771 749 901 814 συμβαίη,
926 741 1051 814 ψήφισμα

247 813 374 886 γίνεσθαι
394 831 433 866 πα
450 809 468 864 ἀ
491 827 549 872 των
572 807 719 866 οἰκούντων
738 811 789 882 τὴν
807 809 892 878 αὐτὴν
909 809 990 864 πόλιν
1007 813 1052 864 ἐπὶ

247 881 334 952 τρισὶ1
357 883 413 932 τοῖς
433 831 479 932 ἐπὶ
499 873 571 952 ἀρθῇ
596 885 686 936 πίστει
709 887 752 934 καὶ
769 885 830 952 βίου
848 875 990 946 σεμνότητι
1008 881 1051 930 καῖ

246 951 300 1000 τοῖς
316 943 402 1000 ἄλλοις
419 941 531 1018 ἀγαθοῖς
546 955 795 1022 μεμαρτυρημένοις,
813 941 884 1000 ῶστε
902 949 930 998 ἐκ
947 943 1051 1000 τούτων

246 1011 296 1068 τόν
313 1011 526 1086 ἐπιτηδειότερον
543 1015 578 1068 εἰς
594 1015 645 1084 τὴν
662 1015 810 1084 ἐπισκοπὴν
824 1017 1051 1088 προχειρίζεσθαι.

249 1089 259 1136 λ
296 1083 331 1134 Εἰ
347 1081 397 1156 γάρ
412 1079 438 1136 oc‘
454 1077 524 1154 ἅγιοι
539 1089 584 1136 καὶ
598 1083 701 1150 ἐνδοξοι
716 1081 860 1140 ἀπόστολοι
872 1081 900 1134 οἱ
912 1081 963 1148 τὴν
977 1083 1050 1156 ἱερω-

247 1143 331 1216 σύνην
354 1149 427 1222 παρὰ
449 1151 496 1202 τοῦ
518 1147 651 1206 δεσπότου
671 1151 789 1224 Χριστοῦ
813 1151 861 1204 τοῦ
885 1151 952 1204 θεοῦ
974 1147 1051 1220 ἡμῶν

246 1215 384 1290 δεξάμενοι
392 1221 436 1272 καὶ
446 1215 557 1274 πάντων
561 1223 620 1274 τῶν
626 1217 743 1294 ἀγαθῶν
748 1217 798 1286 τὴν
803 1219 853 1290 γὴν
861 1215 1052 1290 πληρώσαντες

245 1289 290 1338 καὶ
307 1285 357 1352 τὴν
374 1281 454 1340 αἰτοῦ
469 1283 645 1342 διδασκαλίαν
656 1283 741 1342 dauco
755 1283 976 1358 παραδεδωκότες
991 1283 1053 1340 cite

247 1349 324 1420 αῦτῆς
341 1355 387 1422 τὴς
404 1357 435 1408 ἐν
450 1357 490 1422 τῷ
508 1353 600 1426 κόσμῳ
617 1351 705 1422 τούτῳ
728 1355 795 1422 ζαὴς
814 1349 905 1406 αἰτεῖν
921 1349 988 1426 iniq
1007 1359 1052 1422 τῆς

245 1417 372 1508 ἡμετέρας
392 1431 525 1498 σωτηρίας
547 1427 699 1494 ἐφείσαντο,
726 1425 785 1476 πῶς
810 1417 840 1476 oi
864 1419 969 1476 δίκαιόν
995 1425 1051 1476 ἐστι

245 1487 306 1542 τοῦς
323 1487 492 1546 υπεισιόντας
508 1491 544 1544 εἰς
560 1489 610 1558 τὴν
629 1487 720 1542 αὐτῶν
735 1489 814 1554 τάξιν
830 1495 874 1544 καὶ
889 1493 1050 1564 ἐγκαθιστά-

245 1561 338 1626 μένονς
368 1563 426 1614 τῶν
457 1555 627 1632 ἁγιωτάτων,
645 1557 790 1626 ἐκκλησιῶν
817 1557 900 1632 ἱερέας
924 1559 1051 1632 καθαρὰν

245 1627 393 1692 κεκτῆσθαι
416 1633 499 1700 προαί
514 1641 571 1680 εσιν
593 1631 637 1678 aul
660 1629 718 1680 τῶν
738 1629 789 1696 μέν
805 1623 951 1702 χρημάτων
972 1623 1050 1700 dasp-

245 1699 366 1766 φρονεῖν,
388 1697 480 1752 πάσαν
496 1647 592 1760 δέτὴν
609 1693 714 1748 ἑαυτῶν
735 1693 808 1764 ζωὴν
830 1697 866 1748 εἰς
888 1695 938 1752 τὸν
959 1693 1051 1766 φιλάνΙ

245 1767 260 1816 2
270 1767 306 1828 (Ι)
323 1763 441 1836 θρωπον
447 1757 598 1816 ἀνατείνων
604 1759 673 1816 θεόν
677 1783 684 1826 ;
695 1757 777 1816 Ὥστε
787 1761 912 1836 προσήκει
918 1761 1052 1818 τοιούτους

245 1829 419 1904 ἐπιλέγεσθαι
440 1833 485 1880 καὶ
508 1831 723 1902 χειροτονεῖσθαι
746 1831 840 1902 ἱερέας,
859 1833 896 1886 οῖς
912 1829 960 1886 οῦκ
976 1831 1051 1884 ἐστιν

245 1897 306 1952 odae
322 1903 403 1952 τέκνα
421 1893 481 1950 cies
498 1901 615 1970 ἔγγονοι,
634 1895 726 1966 ἐπειδὴ
743 1897 790 1966 οάχ
807 1899 863 1954 ολόν
881 1905 912 1954 τέ
929 1899 1051 1954 ἐστιτὸν

245 1971 306 2040 περὶ
323 1965 369 2018 τὰς
384 1963 511 2034 βιωτικοῖς
528 1963 708 2036 ήσχολημένον
725 1965 882 2042 φροντίδας,
900 1965 930 2022 ἀς
947 1967 974 2022 οἱ
989 1971 1050 2022 παῖ-

245 2031 286 2086 δες
302 2031 420 2102 μάλιστα
435 2037 489 2088 τοῖς
505 2037 611 2106 γονεῦσι
628 2039 780 2106 παρέχουσι,
797 2035 848 2102 τὴν
864 2039 955 2090 πεῖσαν
970 2055 1050 2092 σπον-

245 2097 295 2168 δήν
316 2121 347 2154 τε
368 2105 413 2154 καὶ
436 2097 543 2154 dociae
563 2107 624 2178 accpi
646 2103 696 2172 τὴν
718 2103 801 2158 θείαν
824 2103 989 2178 λειτουργίαν
1007 2109 1050 2156 καὶ

245 2175 258 2222 3
293 2167 327 2222 τά
344 2165 546 2236 ἐκκλησιαστικά
562 2171 632 2238 ἐχειν
649 2169 800 2254 πράγματα.
835 2175 922 2226 Τινῶν
938 2171 989 2244 γάρ
1007 2169 1051 2224 διὰ

244 2235 294 2304 τὴν
311 2239 347 2292 εἰς
367 2237 437 2292 θεὸν
459 2235 555 2292 ἐλπίδα
572 2243 616 2290 καὶ
635 2237 678 2292 διὰ
695 2259 726 2292 το
744 2239 791 2294 τὰς
814 2239 919 2294 ἑαυτῶν
936 2241 1050 2312 περισῶ-

244 2321 290 2358 σαι
305 2303 390 2376 φοχάς
406 2301 630 2382 προστρεχόντων
647 2311 705 2360 ταῖς
726 2305 887 2382 ἁγιωτάταις
903 2307 1051 2376 ἐκκλησίαις

243 2377 288 2426 καὶ
308 2371 342 2426 τά
363 2369 417 2426 ἀπ’
434 2393 519 2440 χοντα
541 2371 629 2428 αὐτοῖς
652 2371 762 2430 ταύταις
778 2373 989 2450 προσφερόντων
1006 2379 1050 2430 καί

244 2439 507 2510 καταλιμπανονταιν
516 2445 560 2496 ἐπὶ
570 2445 609 2510 roi
629 2445 664 2496 εἰς
681 2443 802 2510 πτωχούς
819 2451 863 2498 καὶ
873 2449 990 2512 πένητας
1006 2447 1050 2496 nai

246 2511 336 2584 ἐτέρας
354 2505 468 2580 εὐσεβεῖς
489 2507 588 2562 ταύτας
613 2507 794 2566 δαπανᾶσθαι
818 2519 920 2586 χρείας,
947 2507 1051 2568 ἄτοπόν

244 2581 302 2630 ἐστι
323 2577 384 2630 τοῦς
406 2573 564 2632 ἐπισκόπους
587 2577 622 2632 εἰς
639 2579 735 2634 οἰκεῖον
753 2581 840 2634 ταῦτα
863 2577 1051 2654 ἀποφέρεσθαι

243 2643 333 2720 κέρδος
350 2641 366 2712 ἢ
382 2649 444 2718 περὶ
461 2643 516 2698 ἴδια
533 2651 613 2700 τέκνα
630 2651 675 2700 καὶ
693 2653 823 2720 συγγενεῖς
837 2647 1050 2702 καταναλίσκειν.

242 2721 258 2766 4
290 2711 354 2786 1Χρὴ
377 2713 429 2786 γάρ
455 2717 498 2766 nai
524 2713 574 2768 τόν
599 2715 747 2770 ἐπίσκοπον
776 2715 815 2786 μὴ
840 2713 1051 2786 ἐμποδιζόμενον

242 2781 420 2856 προσπαθείσρ
441 2783 578 2856 σαρκικῶν
599 2787 704 2838 τέκνων
724 2779 838 2838 πάντων
860 2787 918 2846 τῶν
944 2787 1051 2840 πιστῶν

242 2847 423 2918 πνευματικὸν
440 2849 510 2902 εἶναι
527 2853 639 2922 πατέρα.
674 2849 720 2904 διὰ
735 2853 822 2906 ταῦτα
839 2859 933 2908 τοίνυν
950 2849 1007 2908 ἀπα
1025 2873 1050 2906 o·

243 2913 354 2990 ρεύομεν
375 2917 425 2970 τὸν
447 2919 543 2984 έχοντα
560 2923 642 2972 τέκνα
661 2915 678 2986 ὴ
696 2917 816 3002 ἐγγόνους
836 2873 1051 2996 χειροτονεῖσθαι

243 2987 312 3052 iii)
347 2987 501 3040 ἐπίσκοπον,
545 2985 607 3040 Ἰοῦς
629 2985 658 3042 δέ
683 3009 732 3042 νυν
753 2985 833 3042 ὄντας
855 2985 1051 3056 ἐπισκόπουςὴ

242 3039 387 3124 μέλλοντας
408 3055 535 3128 γίνεσθαι
552 3055 720 3126 θεσπίζομευ
737 3055 868 3126 μηδαμῶς
889 3059 959 3124 ἔχειν
980 3057 1050 3122 ἐξου-

244 3259 275 3326 (¹)

245 3347 290 3378 om.

299 3255 453 3378 πίροιροόποις
476 3259 521 3310 ins.
539 3259 639 3312 Nemee.

330 3345 344 3378 ο
365 3363 371 3378 .

736 3261 769 3326 (2)
787 3263 823 3312 sic
841 3261 954 3328 Nomou,
975 3279 1003 3314 τι
1019 3263 1064 3316 ins.
1080 3261 1139 3314 Call.

1102 545 1164 594 οῖον
1187 535 1369 594 διατίθεσθαι
1391 531 1407 600 ἢ
1430 531 1581 608 δωρεῖσθαι
1604 529 1704 600 ἤμαθ’
1719 533 1819 610 ’έτέραν
1837 533 1907 590 aiau·

1101 605 1201 676 δήποτε
1223 609 1365 678 περίνοιαν
1381 605 1497 656 ἐμποιεῖν
1515 621 1542 654 τι
1565 603 1611 670 τῆς
1628 601 1733 656 ἑαυτῶν
1749 621 1784 656 πε
1802 609 1908 666 ιοοσίας,

1101 671 1134 744 ὴν
1149 675 1217 748 μετά
1235 673 1265 728 τὸ
1281 671 1411 744 γενέσθαι
1430 675 1570 726 ἐπίσκοποι
1589 667 1734 736 ἐκτήσαντο
1751 667 1767 736 ὴ
1784 671 1838 726 απὸ
1853 669 1908 724 δια·

1100 747 1199 812 θητῶν
1215 741 1231 810 ὴ
1249 737 1302 796 ἀπὸ
1321 735 1461 814 δωρεῶνὴ
1478 735 1548 792 καθ’
1568 741 1659 812 ἕτερον
1676 737 1834 806 οἱανδήποτε
1850 737 1906 812 τρό·

1101 831 1168 880 πον,
1187 811 1257 878 πλὴν
1274 809 1297 860 εἰ
1314 807 1350 876 μὴ
1367 805 1444 882 μόνα,
1457 803 1480 890 λά
1496 805 1549 880 πρὸ
1566 809 1612 874 τὴς
1629 809 1773 876 ἐπιοκοπὴε
1790 807 1818 870 ἐξ
1839 805 1908 890 cipe:

1103 877 1202 948 δήποτε
1234 879 1320 930 αἰτίας
1351 881 1429 942 ἐσχον
1454 897 1470 942 η
1494 873 1563 944 μετά
1596 873 1646 942 τὴν
1673 873 1822 942 ἐπισκοπὴν
1855 893 1908 930 amo

1100 953 1204 1022 γονέων
1226 951 1271 1002 καὶ
1295 945 1383 998 θείων
1406 947 1452 996 καὶ
1475 939 1601 1014 ἀδελφῶν
1618 945 1654 996 εἰς
1671 939 1782 998 αὐτοῦς2
1805 941 1909 1014 περιήλ-

1102 1023 1117 1074 6
1151 1019 1205 1072 θεν
1222 1011 1239 1082 ὴ
1256 1017 1300 1066 nai
1317 1011 1523 1084 περιελεύσεται.
1553 1011 1649 1064 Πάντα
1664 1007 1701 1074 δέ,
1720 1007 1772 1064 ὅσα
1780 1009 1848 1082 μετὰ
1860 1009 1910 1078 τὴν

1100 1089 1268 1160 χειροτονίαν
1283 1081 1312 1146 ἐξ
1325 1077 1487 1146 οἱασδήποτε
1502 1081 1596 1146 αἰτίας,
1613 1077 1689 1132 καθά
1704 1079 1813 1152 εἴρηται,
1831 1083 1910 1152 χωρίς

1101 1155 1159 1206 τῶν
1185 1155 1332 1228 εἰρημένων
1358 1147 1515 1222 προσώπων
1537 1149 1572 1200 εἰς
1596 1143 1689 1200 αύτούς
1712 1167 1745 1200 πε
1763 1145 1850 1214 ιὴλθε,
1875 1147 1908 1218 τῇ

1102 1217 1169 1294 παρ’
1196 1215 1287 1274 αάτῶν
1309 1213 1681 1288 ἐπισκοπουμενηάγιωτάτη
1704 1167 1827 1282 ἐκκλησίᾳ
1853 1211 1909 1266 δια-

1102 1295 1192 1360 φέρειν
1209 1283 1347 1356 κελεύομεν
1364 1289 1409 1338 καὶ
1427 1281 1594 1338 έκδικεῖσθαι
1611 1271 1677 1356 παρ’
1697 1281 1787 1352 αῦτὴς,
1805 1281 1910 1336 οῦδενὸς

1102 1357 1191 1410 ἐτέον
1218 1351 1365 1430 προσώπου
1392 1349 1541 1422 δυναμένου
1567 1355 1596 1404 ἐκ
1621 1351 1733 1404 τούτου8
1754 1353 1790 1404 εἰς
1813 1353 1909 1404 οἰκεῖον

1102 1431 1116 1478 ’ί
1142 1427 1299 1498 απενεγκεῖν
1313 1419 1410 1494 κέρδος.
1443 1425 1485 1474 Τίς
1493 1419 1544 1494 γὰρ
1553 1415 1587 1472 ἀν
1598 1413 1831 1490 ἀμφισβητήσειεν,
1842 1415 1910 1472 ciani

1100 1489 1204 1546 τούτοις
1218 1491 1266 1546 τὰς
1280 1487 1350 1544 ἰδίας
1365 1485 1455 1542 ciclos
1470 1487 1680 1556 καταλείψαντες
1697 1485 1767 1556 ὴκαέ
1781 1485 1908 1556 καταλιμ-

1100 1555 1232 1614 πάνοντες
1248 1555 1265 1626 ἢ
1279 1563 1323 1612 καὶ
1340 1553 1410 1612 καθ’
1430 1559 1521 1630 ἕτερον
1535 1551 1639 1630 τρόπον
1652 1547 1910 1630 παραπέμψαντεςὴ

1100 1631 1326 1702 παραπέμποντες
1340 1623 1386 1680 οὐκ
1399 1621 1588 1696 ’ἀφεωράκασιν
1597 1625 1632 1676 εἰς
1645 1623 1695 1692 τὴν
1709 1621 1792 1692 αὐτὴν
1802 1617 1909 1698 ἱερωσύ-

1100 1717 1152 1764 νην
1160 1701 1204 1748 καὶ
1213 1691 1411 1758 πιστεύσαντες,
1423 1689 1458 1746 ῶς
1467 1689 1496 1746 οῦ
1526 1689 1634 1746 όνοντά
1643 1689 1708 1776 παρ’
1727 1689 1819 1746 αἰτῶν
1829 1711 1908 1744 κατα-

1101 1763 1250 1836 λειφθέντα
1268 1759 1384 1832 εὐσεβῶς
1403 1759 1612 1830 δαπανησονσιν,
1636 1757 1702 1812 ἀλλα
1718 1757 1826 1812 καὶτὰς
1843 1755 1910 1812 ἰδίας

1102 1829 1194 1886 αὐτῶν
1217 1827 1308 1884 adalae
1331 1829 1451 1884 roiaocc⁴
1473 1825 1672 1912 προσθήσουσι,
1692 1831 1773 1882 τοῦτο
1790 1829 1908 1890 scoceium

1101 1905 1116 1956 8
1134 1905 1167 1968 (3)
1207 1903 1255 1968 Τῆς
1278 1895 1308 1952 δέ
1325 1901 1428 1970 γενικὴς
1450 1893 1527 1966 ὴμων
1544 1893 1643 1962 ταύτης
1660 1895 1824 1968 νομοθεσίας
1837 1893 1908 1982 μόνα

1101 1969 1257 2042 ἐξαιροῦμεν
1274 1965 1309 2020 τά
1322 1961 1513 2040 περιγινόμενα
1526 1961 1671 2032 οἱαδήποτε
1685 1959 1830 2046 πράγματα
1841 1967 1907 2016 Επι-

1101 2043 1190 2108 punior
1216 2037 1256 2106 τῶ
1283 2031 1426 2108 ἁγιωτάτῳ
1453 2031 1653 2108 ἀρχιεπισκόπφ
1685 2049 1731 2100 της
1757 2029 1909 2100 εὐδαίμονος

1100 2103 1197 2172 ταύτης
1223 2101 1325 2160 πόλεως
1351 2109 1399 2156 καὶ·
1421 2097 1571 2176 πατριάρχη
1601 2105 1678 2174 μέχρι
1703 2101 1749 2166 τὴς
1774 2097 1909 2172 παρούσης

1100 2169 1208 2248 ἡμέρας·
1237 2175 1281 2226 ἐπὶ
1307 2169 1341 2244 γά
1383 2175 1437 2226 τοῖς
1463 2165 1516 2224 ἀπὸ
1543 2169 1590 2222 τοῦ
1615 2165 1748 2242 παρόντος
1769 2167 1909 2238 μέλλουσιν

1102 2239 1175 2310 αύτηῖ
1193 2193 1393 2316 προσγίνεσθαι
1416 2241 1525 2328 κρατεῖν
1541 2235 1576 2290 τὰ
1595 2235 1660 2310 παρ’
1679 2233 1757 2306 ὴμῶν
1775 2233 1908 2290 διατύπω-

1100 2309 1189 2364 θέντα
1214 2313 1259 2362 καὶ
1286 2309 1319 2382 τῇ
1341 2303 1478 2380 άγιωτατη
1499 2301 1601 2378 μεγάλῃ
1625 2303 1749 2372 ἐκκλησίᾳ
1766 2299 1910 2376 προσήκειν

1100 2383 1115 2432 9
1134 2383 1171 2446 (4]
1204 2379 1292 2432 ταῦτα
1314 2375 1491 2444 θεσπίζομεν.
1534 2373 1611 2428 Μετὰ
1628 2371 1658 2426 δέ
1673 2373 1723 2440 τὴν
1740 2373 1799 2426 τῶν
1815 2373 1908 2442 θεοφι-

1101 2443 1239 2500 λεστάτων
1255 2439 1413 2498 ἐπισκόπων
1429 2441 1554 2508 τελευτὴν
1571 2439 1632 2496 τοὺς
1648 2439 1715 2496 κατά
1732 2439 1826 2514 καιρὸν
1842 2441 1908 2494 uiuo·

1101 2511 1195 2582 νόμους
1217 2511 1308 2586 λόγους
1323 2509 1503 2568 ἀπαιτεῖσθαι
1525 2511 1584 2562 τῶν
1599 2505 1668 2580 παρ’
1689 2505 1781 2562 αὐτῶν
1800 2505 1909 2562 καταλε-

1101 2581 1251 2652 λειμμένων
1276 2581 1443 2652 πραγμάτων
1473 2583 1518 2632 καὶ
1550 2579 1584 2650 τῇ
1614 2573 1749 2652 ἁγιωτάτῃ
1786 2575 1910 2644 ἐκκλησίᾳ

1100 2647 1245 2724 προσήκειν
1270 2651 1299 2702 ἐκ
1323 2647 1422 2714 ταύτης
1443 2643 1521 2716 ὴμῶν
1541 2649 1587 2712 τὴς
1608 2647 1770 2716 νομοθεσίας
1790 2641 1908 2716 ἀφειλόν·

1104 2723 1132 2772 10
1151 2723 1188 2784 (5)
1223 2737 1289 2772 των.
1328 2721 1383 2770 Καὶ
1410 2711 1504 2770 aiacis
1531 2711 1560 2768 δέ
1585 2711 1646 2768 τοῦς
1670 2713 1821 2782 οἰκονόμους
1841 2711 1910 2766 κατά

1100 2793 1189 2860 κρίσιν
1215 2789 1259 2838 καὶ
1286 2781 1445 2854 δοκιμασίαν
1470 2781 1600 2856 γίνεσθαι
1625 2781 1772 2852 κελεύομεν,
1798 2779 1908 2844 εἰδότας,

1102 2853 1137 2908 ῶς
1154 2859 1239 2910 παντὶ
1256 2851 1350 2926 τρόπω
1368 2849 1436 2906 καθ’
1462 2857 1576 2904 ἕκαστον
1599 2849 1722 2904 ἐνιαυτόν
1739 2847 1769 2904 λά
1787 2867 1830 2902 ους
1848 2843 1908 2920 ῦφέ-

1101 2925 1175 2988 ξουσι
1191 2925 1232 2990 τῶ
1250 2915 1393 3004 ἀχιωτάτῳ
1412 2917 1551 2988 iucundum
1575 2919 1621 2986 τὴς
1643 2919 1738 2972 οἰκείας
1774 2913 1908 2984 ιοικήσεως

1100 2995 1145 3044 καὶ
1172 2991 1241 3056 πάν,
1268 3007 1335 3062 οπερ
1358 2985 1392 3042 ἀν
1415 2993 1524 3060 φανεῖεν
1546 2985 1581 3042 τά
1602 2985 1804 3052 ἐκκλησιαστικά
1826 2985 1908 3058 πράγ-

1099 3079 1172 3130 ματα
1198 3055 1420 3128 καταβλάιμαντες
1444 3051 1462 3124 ὴ
1487 3051 1577 3130 κέρδος
1601 3057 1698 3108 οἰκεῖον
1727 3049 1908 3122 ποιησάμενοι,

1245 3265 1278 3326 (3)
1302 3255 1410 3312 τούτων
1427 3261 1526 3312 Nouae.
1629 3261 1662 3326 (4)
1680 3255 1784 3312 τούτοις
1800 3261 1907 3322 Νοωοο.,

458 3467 742 3490 ....-.--.,,;
784 3471 969 3494 mm
1077 3469 1905 3494 :Qffifflffl

244 3567 299 3618 tam
316 3567 364 3630 est,
383 3567 413 3618 nt
426 3561 556 3634 precibus
566 3561 624 3618 sais
636 3561 843 3618 benevolentiam
857 3563 902 3620 dei
915 3565 1051 3622 clementis

242 3631 322 3686 relus
344 3629 525 3686 communibus
548 3631 705 3697 concident,
721 3633 865 3702 praesenti
887 3633 945 3704 leqe
961 3635 1050 3690 sonci-

242 3715 310 3762 ωας,
327 3703 366 3764 at,
407 3697 625 3768 cotienscumque
649 3699 678 3752 in
704 3697 824 3768 qualibet
839 3699 946 3756 ciuitate
961 3701 1050 3756 sedem

242 3715 436 3846 sacerdotalia
452 3767 634 3822 oaomecoat'
652 3765 711 3832 erit,
729 3765 763 3822 ab
773 3767 816 3846 ,iis
831 3767 879 3838 qai
893 3769 923 3822 in
940 3787 972 3824 eo
987 3771 1050 3826 ciui-

244 3837 298 3888 tate
320 3831 445 3912 ίιαίιιίωιί
464 3831 597 3912 demetam
617 3783 671 3904 dat
686 3833 720 3888 de
744 3833 829 3888 τνιόκε
848 3837 991 3916 personis,
1017 3837 1050 3892 de

260 3917 358 3956 καιτοι
381 3907 456 3958 recta
475 3899 531 3972 tiele
553 3907 609 3958 octa
632 3901 744 3958 nonesto
764 3903 929 3974 reliquusque
944 3905 1049 3960 uirtuti-

242 3919 293 4026 λικε
317 3975 432 4050 constet,
457 3975 489 4024 at
512 3985 549 4024 ea
575 3969 618 4024 liis
643 3969 690 4042 qai
714 3971 803 4092 acopis
822 3969 936 4050 idoneas
957 3973 996 4028 sit
1013 3973 1050 4028 od

244 4043 256 4092 1
292 4043 477 4118 episcopatum
503 4043 706 4110 promoveatur.
775 4055 784 4092 ι
815 4055 883 4094 enam
907 4041 999 4096 sancti
1022 4047 1050 4096 et

242 4105 358 4176 qlonosi
374 4105 501 4180 apostoli,
520 4107 567 4176 qui
583 4105 763 4162 sacerdotium
779 4123 798 4162 a
815 4107 923 4164 dandae
943 4107 1048 4164 Christo

242 4173 293 4246 deo
310 4179 405 4230 nostro
422 4179 585 4246 αοοιμωιιιιέ
605 4179 634 4230 et
649 4173 771 4230 omnibus
788 4175 932 4230 uirtutibus
949 4181 1050 4232 taram

242 4241 420 4314 impleuerant
440 4239 550 4320 eiusque
572 4239 725 4296 doctrinam
746 4245 849 4298 cunctis
871 4243 1048 4310 addiderant,

242 4325 278 4364 ne
293 4311 363 4366 ottae
380 4307 486 4380 quidem
502 4309 557 4380 ipsi
567 4309 596 4362 in
608 4309 660 4390 leae
672 4311 771 4366 nando
777 4327 834 4384 pro
842 4311 939 4390 ,salute
953 4317 1050 4392 nostra

240 4377 1049 4524 indututulliatltilaltlcllcuttdf

243 4529 304 4568 rum
320 4513 475 4568 sacerdotes
491 4517 682 4578 insumantur,
694 4531 798 4586 puram
809 4515 984 4586 propositum
1001 4515 1048 4570 ίια-

242 4581 303 4638 cere
320 4587 348 4638 ct
383 4579 505 4638 scaniam
521 4585 687 4636 contemnere
704 4599 807 4638 omnem
826 4599 859 4638 ae
873 4583 954 4638 citam
971 4597 1048 4638 saam

242 4653 258 4704 2
292 4647 330 4704 ad
363 4665 423 4704 eum
440 4647 591 4704 clementem
608 4647 767 4722 applicare?
811 4657 891 4722 taque
904 4651 971 4706 tales
985 4667 1047 4706 con-

242 4717 315 4772 uenit
330 4715 484 4772 sacerdotes
501 4717 565 4788 είῖριΙ
581 4721 609 4772 et
625 4715 759 4782 ordinari,
782 4719 830 4788 qai
846 4735 933 4788 neque
950 4719 1048 4774 liberos

242 4797 329 4854 neque
344 4789 456 4858 nepotes
476 4783 606 4851 debeant,
650 4785 760 4838 aoniam
788 4785 859 4842 uitae
883 4785 1048 4842 cottidianae

242 4851 315 4926 cums
332 4857 493 4924 occupatus,
516 4869 585 4924 qaas
604 4799 682 4906 lideri
692 4851 866 4924 potissimam
885 4855 1048 4926 pareatibus

242 4917 371 4988 offerunt,
387 4937 443 4974 non
449 4919 668 4992 poteststadiam
681 4935 758 4974 omae
766 4921 1010 4992 capitationemqae
1018 4923 1048 4978 in

242 4991 258 5040 3
284 4983 597 5058 dioiaocaltnreltasqae
610 4987 798 5044 ecclesiasticis
810 4989 952 5044 collocare.
976 4989 1047 5044 Nam

242 5069 302 5110 cam
319 5051 429 5124 qnidam
440 5059 558 5126 propter
566 5073 640 5128 εμεικ
656 5071 738 5126 qaam
754 5055 783 5110 in
796 5055 845 5112 deo
859 5055 959 5112 labent
975 5063 1002 5112 et
1017 5063 1049 5112 at

242 5121 348 5178 animae
363 5137 456 5176 eoram
472 5121 564 5178 saluae
578 5123 651 5194 fiant
665 5121 703 5178 ad
714 5129 907 5178 sacrosanctos
920 5123 1048 5180 ecclesias

242 5187 374 5246 accedent
392 5187 480 5258 iisque
499 5189 567 5262 ipsis
598 5189 731 5246 comitates
746 5207 810 5246 suas
827 5191 948 5262 effuant
962 5197 990 5248 et
1004 5209 1047 5248 re-

242 5259 381 5330 linquant,
403 5261 435 5312 at
455 5255 485 5308 in
501 5261 571 5328 ptoc
590 5275 622 5312 os
643 5265 672 5314 et
685 5277 825 5332 pauperes
847 5259 969 5330 aliosque
980 5261 1047 5334 pios

241 5341 306 5380 usas
323 5321 531 5398 emendantur,
548 5323 692 5380 absurdum
714 5333 756 5382 est
777 5327 919 5400 episcopos
935 5325 1002 5382 ίιαοο
1017 5329 1046 5382 cn

238 5393 384 5466 propriam
406 5393 509 5448 luorum
525 5395 612 5446 anter
647 5393 690 5448 ael
704 5395 734 5448 in
751 5395 849 5450 liberos
864 5411 930 5450 snos
946 5411 1046 5468 cepna-

240 5467 258 5514 4
292 5467 387 5540 tosque
402 5457 561 5532 eapcudere.
611 5459 762 5580 'piscopam
778 5463 849 5518 enim
866 5469 975 5534 oporiet
990 5481 1047 5518 aon

240 5529 277 5582 im
312 5529 396 5584 detam
420 5529 570 5582 carnaliam
595 5525 615 5580 ίι
632 5541 740 5582 erorum
761 5529 906 5602 affectione
927 5531 1046 5586 omnium

238 5595 261 5664 β
294 5595 359 5652 liam
377 5601 485 5670 patrem
507 5613 564 5652 esse
579 5593 756 5668 spiritualem.
797 5599 969 5668 quamobrem
986 5617 1046 5654 eum

241 5665 288 5730 qni
314 5663 412 5720 liberos
437 5663 479 5720 ael
502 5667 613 5736 nepotes
629 5659 722 5728 labet,
743 5665 898 5736 episcopum
922 5667 1046 5722 ordinari

242 5733 258 5782 5
291 5739 417 5796 vetamus,
458 5729 604 5804 Episcopis
626 5733 713 5784 autern
736 5733 784 5802 qai
800 5749 871 5786 nanc
887 5739 951 5790 suat
966 5735 1045 5854 ρκίυε

241 5803 322 5852 erant
336 5799 496 5872 focodtatern
518 5799 625 5856 omnino
651 5797 792 5854 odinninus
807 5799 923 5856 tes-tandi
939 5819 970 5856 νε
998 5801 1044 5856 clo-
1067 5851 1069 5860 ,

1100 3565 1185 3620 nandi
1200 3565 1243 3620 uel
1252 3579 1308 3636 per
1325 3563 1407 3618 aliam
1424 3579 1505 3636 quam
1527 3563 1752 3620 machinationem
1771 3563 1908 3620 alienandi

1100 3633 1167 3704 qaid
1191 3633 1225 3688 de
1249 3631 1329 3686 retas
1346 3633 1410 3698 suis,
1427 3649 1511 3702 quas,
1529 3637 1679 3704 postquam
1699 3633 1821 3712 episcopi
1835 3633 1907 3704 facti

1099 3705 1171 3768 sant,
1187 3703 1244 3756 siae
1259 3717 1297 3756 ea
1315 3701 1479 3756 testamentis
1495 3701 1551 3756 siae
1565 3717 1602 3756 ea
1616 3699 1809 3756 donationibus
1820 3701 1906 3756 aliam

1100 3787 1154 3840 quo
1172 3769 1251 3824 modo
1270 3767 1457 3840 adquisierint,
1474 3769 1529 3822 nisi
1545 3785 1578 3822 ea
1593 3767 1662 3834 sola,
1680 3785 1751 3840 qecae
1762 3773 1826 3824 ante
1837 3771 1905 3842 epis·

1100 3843 1227 3910 copulam
1244 3853 1281 3892 επ
1298 3837 1418 3906 praelibet
1434 3853 1518 3892 caasa
1536 3841 1679 3892 tenuerant
1694 3853 1795 3906 quaeue
1806 3843 1905 3910 posteo

1099 3921 1117 3960 a
1128 3905 1293 3978 parentibus
1304 3903 1416 3976 patruis
1433 3903 1573 3960 avunculis
1583 3903 1721 3974 fratribus
1733 3903 1770 3958 ad
1782 3921 1829 3960 eos
1839 3921 1905 3978 per-

1100 3979 1114 4030 6
1148 3977 1279 4030 uenerunt
1294 3971 1338 4028 uel
1346 3973 1529 4046 pervenerint.
1559 3969 1654 4026 Omnia
1668 3987 1742 4038 uero,
1760 3989 1830 4044 quae
1838 3981 1906 4044 post

1100 4041 1298 4098 ordinationem
1323 4057 1360 4094 ecc
1382 4041 1477 4110 quouis
1503 4057 1598 4104 caasa,
1619 4045 1709 4112 prout
1733 4039 1832 4096 dictum
1857 4047 1904 4106 cst,

1099 4125 1155 4164 non
1180 4125 1197 4164 a
1222 4107 1376 4164 memoratis
1396 4107 1526 4180 personis
1548 4107 1585 4162 ad
1607 4125 1653 4162 eos
1670 4111 1846 4180 perueniant,
1870 4109 1906 4162 ad

1098 4181 1302 4232 sacrosanctam
1327 4175 1466 4230 ecclesiam
1491 4177 1569 4230 caius
1593 4175 1714 4248 episcopi
1737 4179 1803 4230 sant
1819 4179 1904 4248 perti-

1098 4261 1163 4300 nere
1187 4251 1215 4300 et
1239 4243 1272 4300 ab
1298 4261 1332 4298 eo
1354 4245 1487 4300 mndicari
1503 4243 1635 4308 iubemus,
1661 4261 1748 4314 aeque
1769 4245 1827 4298 alla
1850 4243 1905 4298 alic

1097 4327 1217 4384 persona
1240 4311 1382 4384 quicquam
1404 4329 1442 4368 ea
1463 4311 1506 4366 liis
1527 4311 1556 4366 in
1568 4311 1714 4384 proprium
1737 4311 1841 4368 ίιιοναια
1859 4329 1905 4366 αυ-

1099 4383 1113 4434 ῖ
1146 4383 1224 4452 serre
1239 4379 1353 4452 poterit.
1395 4377 1461 4446 Quis
1481 4379 1551 4434 enim
1573 4379 1687 4444 accita,
1710 4381 1777 4450 quin
1800 4381 1847 4452 qui
1864 4377 1905 4434 lais

1097 4447 1246 4516 foeditates
1271 4463 1335 4502 suas
1366 4447 1526 4518 reliquerint
1553 4447 1596 4502 uel
1629 4447 1785 4518 relinquant
1819 4449 1905 4518 alicae

1097 4529 1152 4584 quo
1174 4515 1254 4570 modo
1279 4515 1316 4580 ad
1337 4531 1384 4570 eos
1407 4515 1595 4572 transtulerint
1616 4515 1658 4570 uel
1675 4511 1851 4578 transferant,
1870 4515 1906 4570 ad

1096 4575 1380 4652 monocentaurum
1394 4583 1569 4648 respexerint
1580 4577 1662 4648 idque
1674 4577 1794 4646 fecerint
1808 4579 1904 4648 conlisi

1096 4665 1143 4704 eos
1151 4663 1207 4702 noa
1219 4647 1307 4704 solam
1320 4661 1390 4716 qaae
1405 4645 1438 4698 alr
1452 4645 1520 4716 ipsis
1532 4645 1629 4702 relicta
1640 4649 1706 4700 sunt
1715 4645 1761 4716 pie
1775 4651 1902 4716 ονοματο-

1095 4731 1152 4782 ros,
1165 4713 1215 4770 sed
1226 4713 1307 4770 etiam
1314 4713 1452 4786 proprios
1462 4713 1613 4784 facultates
1626 4713 1668 4766 leis
1677 4713 1819 4768 additurus
1828 4717 1902 4768 esse?

1095 4787 1110 4840 8
1145 4781 1363 4838 diducentem
1386 4779 1509 4854 qenaali
1531 4781 1590 4852 leqe
1613 4785 1707 4836 nostro
1731 4795 1777 4836 eas
1793 4797 1839 4836 res
1858 4799 1902 4836 so-

1094 4851 1137 4908 los
1154 4851 1317 4920 eacipimas,
1358 4865 1411 4904 uae
1428 4847 1602 4920 Idpiplianios
1619 4849 1805 4904 sacratissimas
1821 4847 1901 4904 dairas

1094 4921 1272 4994 felicissimae
1295 4867 1371 4976 ordis
1397 4919 1618 5002 archiepiscopus
1640 4925 1667 4974 et
1682 4919 1846 4992 patriarclca
1868 4919 1904 4974 ad

1096 4989 1168 5044 lunc
1183 5007 1269 5060 usqae
1286 4989 1355 5044 diem
1372 4987 1517 5060 adquisict:
1532 4989 1562 5042 in
1574 4989 1610 5042 iis
1624 4989 1701 5052 enim,
1718 5003 1789 5058 qaae
1806 4987 1839 5042 ab
1850 4987 1902 5044 lice

1098 5063 1217 5128 tempore
1244 5055 1270 5112 ei
1292 5055 1483 5128 adquirentur,
1507 5055 1596 5112 colere
1613 5073 1717 5126 φιαεα
1739 5055 1818 5110 nobis
1839 5071 1901 5110 con·

1095 5125 1192 5178 stituta
1207 5129 1273 5180 sant
1292 5141 1378 5196 eaque
1400 5123 1437 5178 ad
1458 5125 1653 5178 sanctissimam
1674 5139 1799 5196 maqaam
1820 5121 1902 5178 eccl·

1096 5197 1111 5246 9
1144 5191 1214 5246 siam
1226 5193 1365 5266 pertinere
1381 5193 1524 5248 sancimus.
1564 5189 1634 5246 Post
1649 5199 1761 5246 mortem
1778 5205 1842 5244 aero
1860 5207 1902 5246 re-

1096 5259 1330 5330 liqiosissimorum
1346 5259 1534 5334 episcoporum
1552 5273 1609 5332 pro
1629 5265 1747 5338 tempore
1764 5259 1902 5314 oeconomi

1096 5325 1191 5382 debent
1214 5329 1337 5382 rationes
1361 5327 1473 5400 euiqere
1498 5343 1588 5382 reram
1619 5325 1651 5382 al
1678 5327 1713 5380 ris
1736 5325 1901 5392 relictarum,

1096 5411 1166 5466 qaae
1188 5413 1226 5452 ea
1247 5393 1300 5450 ίιοο
1316 5395 1374 5466 leqe
1391 5401 1487 5450 nostro
1504 5395 1541 5450 od
1556 5399 1758 5448 sacrosanctam
1775 5409 1901 5466 maqnarn

1098 5467 1127 5516 10
1154 5463 1291 5520 ecclesiam
1293 5463 1545 5536 pertineredeoent.
1563 5459 1734 5534 Ipsosetiurn
1743 5477 1902 5516 oeconomos

1096 5529 1270 5586 eamindicio
1288 5545 1323 5586 ac
1339 5531 1555 5586 consideratione
1576 5529 1666 5586 creari
1681 5529 1802 5584 iubemus
1817 5529 1901 5584 soien-

1096 5603 1134 5654 tes
1152 5599 1304 5652 omnimodo
1322 5599 1437 5678 sinqulis
1457 5597 1537 5652 annis
1553 5599 1674 5652 radoaes
1691 5595 1900 5652 administratio-

1094 5665 1137 5720 nis
1162 5681 1228 5724 saae
1252 5667 1421 5722 sanctissimo
1448 5667 1576 5738 episcoo
1601 5665 1773 5730 redderem,
1799 5665 1824 5718 si
1845 5681 1899 5736 qao

1094 5733 1192 5790 damno
1218 5751 1263 5790 res
1287 5733 1482 5790 ecclesiasticos
1511 5683 1635 5802 affecisse
1667 5733 1710 5788 oel
1739 5733 1769 5786 in
1797 5733 1900 5786 lucrum

1093 5801 1236 5876 proprium
1253 5801 1320 5874 quid
1335 5803 1446 5858 uertisse
1462 5801 1639 5876 adfuerint,
1658 5799 1708 5856 λοι
1724 5799 1805 5856 rebus
1819 5799 1899 5856 ecole-
