4258 6258
238 349 284 414 ill
317 353 357 416 28

240 543 387 608 pronepote
413 535 526 604 dederit,
554 549 608 590 non
631 539 735 592 tantum
758 535 870 592 eandem
894 537 981 592 dotem
1005 537 1047 594 vel

239 609 409 666 donationem
434 603 561 672 conferri,
587 619 679 660 verunt
702 607 781 660 etiarn
797 605 825 660 iu
844 609 966 674 quartam
983 621 1045 674 par-

240 685 294 732 tem
317 675 351 730 ad
375 673 565 728 excludendam
585 673 729 730 inofficiosi
752 673 896 740 querellam
920 679 975 726 tam
999 675 1045 728 do-

239 751 294 798 tem
318 745 407 798 datam
428 757 507 810 quam
530 747 591 796 ante
614 743 720 812 nuptias
738 741 909 798 donationem
926 741 1047 810 praefato

240 813 318 868 modo
335 813 455 866 volumus
473 809 612 878 imputari,
635 813 659 866 si
680 827 713 864 ex
736 809 886 864 substantia
909 811 967 864 eius
984 827 1046 880 pro-

238 881 311 936 fecta
329 879 370 946 sit,
389 879 464 932 ouius
479 879 511 932 de
524 879 670 934 hereditate
688 879 783 946 agitur.
810 877 843 934 1).
862 877 888 932 ir.
904 877 970 934 Mai.
986 881 1046 950 qrso

238 951 269 1002 A.
289 963 317 1002 rr
332 963 404 1002 coris.
933 951 967 1010 [u.
986 951 1046 1012 419)

273 1013 312 1076 30
340 1015 418 1086 ¹Imp.
443 1011 614 1072 lastinianus
635 1015 666 1068 A.
686 1011 783 1068 Menae
800 1033 850 1086 pp.
890 1015 1046 1070 Omnimodo

238 1089 396 1140 testatorum
413 1083 593 1140 voluntatibus
611 1083 805 1152 prospicientes
822 1099 944 1152 magnam
962 1089 988 1138 et
1005 1083 1046 1138 in-

239 1151 429 1208 numerabilem
447 1155 614 1208 occasionem
638 1151 829 1206 subvertendae
848 1167 939 1206 corum
958 1153 1046 1222 dispo·

239 1221 341 1278 sitionis
365 1227 504 1290 amputare
527 1233 665 1274 censemus
688 1221 715 1272 et
732 1219 759 1272 in
778 1221 857 1274 certis
875 1221 992 1284 casibus,
1018 1221 1047 1274 iu

239 1291 335 1360 quibus
359 1289 391 1344 de
413 1287 568 1344 inofficiosis
593 1287 780 1342 defunctorum
811 1289 975 1344 testamentis
1005 1289 1046 1342 vel

238 1359 290 1412 alio
314 1359 393 1414 ruodo
417 1355 600 1412 subvertendis
621 1355 721 1410 moveri
738 1355 842 1410 solebat
865 1359 949 1422 actio,
973 1363 1046 1410 certa

238 1433 265 1482 et
288 1431 390 1482 statuta
411 1427 468 1494 iege
490 1427 546 1476 tarn
566 1425 678 1478 mortuis
703 1425 841 1478 consulere
860 1441 939 1494 quarn
956 1425 1045 1478 liberis

237 1513 330 1550 eorum
346 1495 387 1552 vel
404 1495 463 1548 aliis
476 1491 607 1560 personis,
626 1491 723 1558 quibus
741 1493 832 1546 eadem
851 1493 921 1548 actio
941 1509 1045 1562 compe-

236 1571 294 1620 tere
317 1569 435 1634 poterat:
458 1567 502 1626 ut,
526 1561 580 1614 sive
604 1561 735 1614 adiciatur
758 1565 918 1616 testamento
943 1563 976 1616 11
997 1563 1046 1614 111-

236 1633 334 1704 plenda
360 1629 476 1698 legitima
503 1629 624 1698 portione
648 1629 702 1682 sive
726 1647 792 1694 nou,
816 1629 921 1684 firmum
940 1629 1046 1698 quidem

236 1705 425 1756 testamentum
442 1699 485 1762 sit,
503 1697 584 1752 liceat
597 1713 658 1752 rere
677 1697 717 1752 his
731 1699 860 1766 personis,
880 1713 948 1766 quae
962 1701 1046 1752 testa·

236 1773 354 1824 mentum
377 1767 471 1836 quasi²
493 1765 671 1820 inofficiosum
692 1767 733 1820 vel
757 1767 809 1820 alio
833 1767 910 1820 modo
936 1767 1045 1822 subver-

236 1839 345 1892 tendum
363 1835 438 1904 queri
455 1839 588 1902 poterant,
606 1833 634 1888 id
652 1835 826 1902 quodminus
844 1835 967 1902 portione
981 1835 1045 1902 legi-

236 1905 302 1960 tima
324 1905 374 1960 sibi
397 1903 519 1956 relictum
542 1907 582 1956 est
605 1901 639 1956 ad
661 1903 819 1972 implendam
839 1917 897 1956 eam
914 1905 972 1958 siue
989 1905 1044 1958 ullo

235 1973 386 2042 gravamine
413 1973 453 2026 vel
480 1985 555 2026 mora
572 1971 689 2038 exigere,
716 1971 739 2026 si
764 1977 852 2026 tamen
875 1987 929 2026 non
948 1971 1046 2040 ingrati

236 2043 357 2110 legitimis
376 2041 460 2094 modis
479 2043 638 2106 arguantur,
662 2055 721 2092 cum
744 2055 789 2094 eos
807 2039 910 2094 scilicet
926 2041 1045 2108 ingratos

236 2111 309 2166 eirca
326 2125 354 2164 se
372 2107 454 2164 tuisse
472 2109 585 2162 testator
602 2107 696 2162 edixit:
716 2123 778 2160 uam
797 2109 820 2164 si
840 2109 939 2162 nullam
955 2123 1045 2162 eorum

237 2179 314 2248 quasi
330 2179 495 2246 ingratorum
511 2175 606 2230 iecerit
621 2175 789 2244 mentionem,
807 2193 861 2232 non
878 2177 970 2232 licebit
988 2177 1044 2232 eius

237 2247 380 2302 heredibus
397 2245 515 2314 ingratos
534 2259 579 2298 eos
598 2243 735 2298 nominare
752 2251 779 2300 11
795 2247 947 2300 huiusmodi
964 2261 1044 2316 quae·

237 2317 350 2370 ationem
373 2313 549 2370 introducere.
592 2319 618 2368 et
638 2313 705 2368 haec
724 2313 828 2380 quidem
845 2313 878 2368 11
896 2313 936 2370 his
953 2329 1044 2382 perso-

236 2385 277 2440 nis
302 2383 455 2448 statuimus,
479 2397 591 2450 quarum
608 2381 768 2436 mentionem
786 2385 915 2436 testantes
932 2381 1047 2436 fecerint

236 2459 263 2508 et
285 2453 401 2520 aliquam
425 2451 462 2504 eis
488 2449 662 2518 quantitatem
683 2449 712 2502 11
735 2451 882 2504 hereditate
899 2451 940 2504 vel
956 2451 1044 2520 legato

236 2523 277 2576 vel
300 2517 516 2584 fideicommisso‚
542 2517 605 2572 licet
626 2517 753 2572 minorem
776 2517 893 2586 legitima
913 2519 1044 2586 portione,

241 2595 250 2642 1
286 2587 447 2658 reliquerint.
494 2585 541 2640 Sin
563 2601 624 2640 vcro
653 2587 694 2640 vel
720 2587 908 2654 praeterierint
927 2589 1044 2656 aliquam

236 2673 327 2712 eorum
347 2671 489 2726 personam
510 2655 564 2706 ianr
587 2659 677 2708 natam
698 2655 739 2710 vel
765 2661 828 2710 aute
856 2659 1044 2710 testamentum

236 2727 341 2794 quidem
367 2727 534 2792 conceptam,
558 2721 645 2778 adhuc
667 2737 728 2778 vero
751 2723 780 2778 in
796 2729 888 2778 ventre
914 2723 1043 2778 coustitu-

235 2803 298 2860 tam,
316 2792 357 2848 vel
375 2791 578 2846 exheredatione
592 2791 633 2844 vel
650 2791 702 2844 alia
720 2807 812 2846 eorum
827 2793 959 2848 mentione
971 2793 1044 2846 facta

235 2863 300 2916 nihil
318 2863 375 2916 eis3
391 2859 497 2928 penitus
514 2859 678 2928 reliquerint,
696 2863 762 2914 tunc
777 2865 866 2916 vetera
881 2861 940 2916 iura
955 2861 1044 2914 locum

235 2931 334 2986 habere
353 2929 495 2994 sancimus,
512 2923 613 2982 unllam
632 2943 664 2980 ex
680 2929 817 2996 praesenti
834 2929 1043 2998 promulgatione

235 3003 249 3052 2
285 2997 452 3054 novationem
476 2997 517 3050 vel
541 2997 762 3064 permutationem
792 3005 945 3066 acceptura.
990 2997 1042 3050 Im-

235 3069 324 3150 putari
346 3081 408 3122 vero
431 3063 492 3120 filiis
515 3063 626 3132 aliisque
643 3065 779 3132 personis,
803 3081 871 3134 quae
892 3065 991 3120 dudum
1008 3065 1042 3120 ad

235 3135 378 3192 ruoffioiosi
399 3133 552 3188 testamenti
569 3131 714 3200 querellam
730 3136 903 3200 vocabantur,
927 3135 956 3188 in
977 3135 1041 3204 legi-

235 3207 327 3258 timam
350 3201 500 3274 portionem
527 3207 553 3254 et
573 3201 620 3254 illa
646 3201 781 3268 volumus,
808 3217 876 3270 quae
902 3203 1042 3258 occasione

235 3273 343 3326 militiae
362 3287 394 3324 ex
411 3269 532 3338 pecuniis
549 3271 647 3324 mortui
664 3269 763 3324 eisdem
780 3271 901 3338 personis
925 3271 1041 3338 adquisi-

234 3347 279 3396 tae
302 3355 381 3408 posse
402 3337 502 3392 lucrari
523 3337 822 3402 1111111111111111,
843 3355 873 3394 oo
893 3339 963 3408 quod
980 3338 1041 3394 talis

236 3411 270 3464 sit
293 3407 398 3470 militia,
422 3411 452 3458 ut
475 3405 606 3460 vendatur
628 3405 669 3460 vel
691 3411 796 3460 mortuo
821 3407 951 3462 militante
968 3413 1043 3462 certa

254 3477 350 3532 scania
375 3473 410 3528 ad
437 3473 493 3528 eius
516 3473 627 3528 heredes
650 3473 798 3542 perveniat,
824 3475 864 3528 ita
887 3483 988 3540 tamen,
1013 3481 1043 3528 nt

233 3547 279 3600 1lle
296 3543 392 3612 gradus
411 3541 527 3596 eiusdem
544 3543 653 3596 militiae
671 3541 841 3612 inspiciatur,
863 3559 941 3612 quarn
958 3547 1041 3598 morte

233 3613 369 3668 testatoris
395 3609 510 3666 militans
538 3611 651 3676 obtinet,
678 3615 709 3662 ut
730 3613 807 3664 tanta
830 3611 854 3664 ei
875 3611 989 3680 pecunia
1014 3613 1041 3666 in

233 3681 377 3750 legitimam
395 3679 544 3748 portionem
561 3681 741 3746 computetur,
767 3687 893 3746 quantam
911 3679 969 3734 dari
987 3687 1041 3736 sta-

234 3757 321 3804 tutum
338 3753 391 3810 est,
416 3747 438 3802 si
455 3747 484 3800 in
502 3763 532 3802 eo
550 3747 634 3828 gradu
651 3753 773 3802 mortuus
791 3751 861 3802 esset
878 3749 908 3816 11,
932 3749 978 3816 qui
994 3749 1041 3802 mi-

236 3825 249 3872 3
284 3817 369 3870 litiani
397 3831 430 3870 ex
453 3815 574 3884 pecuniis
601 3815 735 3870 testatoris
761 3815 873 3886 adeptus
899 3823 945 3870 est.
986 3817 1041 3870 Err-

236 3885 318 3954 ceptis
337 3885 400 3940 solis
418 3885 479 3938 viris
495 3883 687 3952 spectabilibus
704 3883 855 3938 silentiariis
871 3885 942 3940 sacri
957 3887 1042 3940 nostri

254 3953 340 4018 alatii,
366 3951 461 4020 quibus
481 3951 678 4020 praestitutam
696 3951 823 4020 specialia
840 3953 970 4008 beneficia
987 3959 1041 4008 tarn

234 3973 267 4076 ia
284 4023 343 4076 11111
366 4019 488 4088 capitulis
512 4035 592 4086 quam
609 4019 642 4074 dc
659 4021 777 4088 pecuniis
799 4037 880 4088 super
897 4031 1042 4076 memorata

233 4091 326 4146 militia
353 4089 545 4158 aparentibus
571 4103 661 4142 eorum
685 4089 766 4154 datis,
793 4105 827 4144 ne
847 4089 876 4144 in
899 4089 1041 4158 legitimam

233 4161 381 4228 portionem
405 4155 441 4210 eis
467 4161 667 4224 computentur,
692 4163 751 4210 rata
773 4173 831 4212 esse
848 4159 1039 4228 praecipimus:

232 4229 261 4282 in
287 4227 381 4284 ceteris
404 4239 466 4278 vero
491 4225 612 4292 personis
639 4225 803 4294 praedictam
830 4227 1041 4282 observationem

233 4303 323 4350 tenere
345 4291 474 4350 volumus.
513 4293 546 4346 h.
571 4293 597 4348 lc.
616 4293 677 4348 Inn.
705 4293 942 4366 Constantinopoli
959 4293 1040 4350 Iusti-

233 4365 315 4418 niana
333 4365 364 4418 A.
384 4377 412 4414 11
428 4377 499 4416 cons.
927 4369 960 4428 [u.
980 4367 1038 4428 528]

267 4427 304 4488 31
329 4429 418 4484 ⁴ldcrn
439 4429 471 4482 A.
493 4425 591 4482 Menae
626 4447 658 4508 p..
701 4427 775 4494 Quae
797 4445 885 4550 nuper
905 4431 940 4484 ad
957 4437 1039 4486 testa·

233 4505 321 4554 menta
339 4497 520 4554 conservanda
537 4511 587 4550 nec
613 4497 828 4552 aederetraetan
848 4515 864 4552 a
879 4499 1014 4554 sanximus
1022 4503 1039 4564 ⁵,

233 4573 263 4622 ut
280 4567 383 4620 ratione
401 4563 536 4620 Falcidiae
556 4563 663 4618 minime
685 4565 735 4620 illis
761 4567 879 4632 personis
903 4567 1038 4634 derelicta,

234 4651 303 4708 quae
326 4635 359 4688 ad
382 4633 525 4688 inofficiosi
548 4635 701 4686 testamenti
724 4635 869 4700 querellam
893 4651 926 4688 ex
944 4635 1038 4704 priori-

233 4703 283 4758 bus
302 4703 466 4758 vocabantur
479 4701 588 4770 legibus,
606 4717 659 4756 nou
673 4701 856 4770 periclitentur
871 4707 1038 4770 testamenta,

233 4771 279 4824 sed
306 4771 376 4838 quod
403 4769 477 4824 deest
501 4769 633 4838 legitimae
659 4767 787 4838 portioni.
815 4769 842 4824 11
866 4775 907 4824 111
928 4775 1039 4842 quartae

233 4839 318 4906 partit
344 4839 377 4894 ab
401 4839 525 4892 intestato
550 4839 738 4904 successionis,
765 4841 869 4892 tantum
895 4841 1038 4908 repleatur,

233 4905 351 4974 exceptis
374 4905 426 4960 illis
448 4907 544 4974 quibus
567 4905 633 4960 nihil
654 4907 681 4960 ia
703 4909 862 4962 testamento
885 4907 1039 4964 derelictum

233 4979 286 5040 est,
303 4973 331 5026 in
351 4973 444 5040 quibus
462 4975 552 5042 prisca
568 4973 627 5028 iura
645 4975 748 5028 illibata
767 4975 936 5034 1111111111,
959 4977 1039 5032 etiam

233 5043 267 5098 11
289 5043 447 5096 testamenta
472 5043 529 5096 sine
551 5043 657 5110 scriptis
681 5041 804 5098 iacienda
827 5043 915 5098 locum
941 5045 1040 5100 hahere

233 5109 373 5166 sanamus.
409 5107 441 5162 ll.
461 5125 501 5164 sn
516 5109 552 5166 iri.
566 5109 628 5164 Dec.
641 5109 878 5182 Constantinopoli
895 5113 939 5166 dn.
957 5111 1039 5168 lusti-

232 5181 351 5250 niunop
373 5219 378 5232 .
397 5175 427 5228 A.
446 5189 475 5228 It
489 5193 563 5232 cons.
927 5185 960 5246 [a.
980 5187 1039 5246 528]

268 5243 307 5304 32
334 5193 410 5300 iiiam
434 5243 465 5296 A
492 5243 590 5300 Menae
606 5263 659 5328 pp.
727 5247 834 5300 uoniam
857 5247 885 5300 iu
905 5247 1039 5316 prioribus

234 5313 433 5370 sanctionibus?
449 5311 515 5364 1111
533 5319 681 5382 statumine,
699 5321 741 5378 ut,
766 5315 789 5370 si
812 5315 876 5382 quid
896 5317 983 5370 minus
1001 5319 1038 5370 le-

233 5489 262 5550 (1)
282 5489 352 5554 iunge
370 5489 393 5546 ii,
413 5495 446 5550 tt,
466 5495 499 5536 14.
519 5483 543 5544 6,
560 5491 592 5544 41,
610 5495 620 5532 1
689 5485 720 5546 (1)
740 5487 810 5548 quasi
831 5487 897 5550 car,
915 5505 958 5538 orn.
979 5483 1036 5536 Pal

233 5561 263 5616 (ev
284 5555 317 5604 111
338 5555 388 5614 Gli,
408 5553 474 5602 111)
536 5551 569 5614 (1)
588 5551 659 5616 iunge
677 5563 743 5616 111,
753 5565 779 5604 ao
848 5553 882 5616 (s)
901 5573 921 5604 c.
939 5565 966 5606 so
982 5557 1004 5604 1.
1020 5565 1035 5604 r.

233 5625 266 5686 (1)
284 5625 319 5674 sie
331 5619 394 5682 0111,
413 5625 501 5684 quarta
509 5633 567 5684 pars
577 5617 635 5668 Ptv
685 5621 717 5682 (1)
737 5641 756 5672 1.
767 5631 802 5674 ³0.
814 5633 836 5674 31
848 5625 870 5672 t.
881 5635 895 5674 1.
947 5625 981 5688 (8)
992 5637 1036 5672 111

236 5689 267 5740 0ιι
286 5709 336 5750 cnm
353 5691 380 5742 B
398 5691 488 5754 (1111),
512 5703 543 5736 11
562 5681 642 5738 Polie
726 5689 760 5750 (1)
777 5691 814 5742 sic
833 5687 871 5750 0⁶,
894 5691 1038 5754 procederet

235 5759 332 5808 Portis
380 5757 423 5820 (ib)
434 5771 455 5804 11
462 5759 573 5820 sortasse
587 5753 710 5806 delendum
726 5767 768 5818 est,
786 5761 817 5820 cf.
833 5759 975 5824 Zeiisobrifl
987 5761 1037 5826 fiir

235 5825 401 5894 Recitaverat.
418 5835 439 5874 1
455 5835 531 5892 prvr
591 5823 634 5888 (1)
652 5825 721 5892 inape
739 5825 840 5886 1,1,11
888 5823 1035 5888 (1111101,

1045 345 1104 420 134

1621 369 1665 416 DE
1688 369 1908 422 monstruoso

1097 537 1188 608 gitima
1213 535 1335 606 portione
1357 537 1398 592 bis
1422 535 1577 594 derelictum
1600 537 1648 604 sit,
1672 537 1717 608 qui
1741 537 1908 609 estantiquis

1097 605 1199 676 legibus
1226 603 1260 658 de
1285 603 1437 660 inofficioso
1460 609 1620 662 testamento
1642 607 1775 662 actionem
1800 623 1908 666 movere

1097 677 1228 744 poterant,
1243 673 1294 726 hoc
1308 675 1445 742 repleatur
1458 675 1526 728 nee⁸
1544 675 1685 732 occasione
1697 675 1808 732 mineris
1824 693 1908 744 quau-

1097 743 1181 798 titatis
1199 747 1388 796 testamentum
1403 741 1579 810 rescindatur,
1598 745 1650 798 hoe
1667 743 1695 798 in
1708 747 1844 814 praesenti
1862 745 1908 798 ad-

1098 811 1213 866 dendum
1231 825 1289 864 esse
1308 825 1455 874 censemus,
1477 817 1515 878 11,
1538 811 1561 864 11
1579 813 1779 868 condicionibus
1799 813 1908 880 quibus-

1098 881 1158 934 dam
1181 879 1222 934 vel
1247 877 1418 932 dilationibus
1443 885 1489 934 aut
1509 879 1599 948 aliqua
1618 879 1791 948 dispositione
1808 897 1908 936 moram

1097 949 1139 1002 vel
1162 947 1269 1002 modum
1289 945 1331 1002 rel
1352 947 1424 1002 aliud
1446 963 1588 1014 gravamen
1610 949 1797 1002 introducente
1816 963 1909 1004 eorum

1097 1017 1165 1080 iura,
1190 1017 1235 1086 qui
1259 1015 1293 1068 ad
1316 1021 1488 1068 memoratam
1512 1017 1644 1072 ardonem
1662 1017 1837 1084 vocabantur,
1859 1017 1908 1072 mi·

1097 1087 1163 1138 nata
1181 1099 1239 1138 esse
1252 1085 1398 1148 rideantur,
1415 1083 1475 1152 ipsa
1494 1083 1615 1140 condicio
1631 1085 1672 1140 vel
1690 1085 1781 1140 dilatio
1797 1087 1838 1140 vel
1856 1085 1909 1140 alia

1097 1151 1236 1220 dispositio
1261 1167 1361 1206 moram
1378 1153 1419 1206 rel
1443 1153 1629 1222 quodcumque
1651 1169 1718 1208 onus
1736 1153 1908 1208 introducens

1097 1221 1207 1276 tollatur
1224 1225 1251 1272 et
1268 1221 1305 1274 ita
1321 1235 1362 1274 res
1379 1221 1532 1290 procedam,
1550 1221 1628 1290 quasi
1641 1221 1707 1276 nihil
1720 1239 1812 1278 eorum
1825 1227 1908 1278 testa-

1097 1293 1191 1368 mento·
1208 1287 1328 1368 additum
1350 1295 1428 1344 esset.
1469 1289 1502 1344 D.
1522 1291 1578 1344 11¹⁰
1601 1289 1626 1344 lc.
1646 1291 1734 1362 April.
1754 1289 1908 1346 Constanti-

1096 1355 1293 1482 qwiiiffliiiiii
1310 1373 1347 1478 ii
1361 1373 1536 1480 {mmm
1548 1443 1599 1506 pp.
1635 1425 1664 1482 st
1682 1427 1740 1494 quis
1758 1363 1908 1482 suisatebsiii

1096 1499 1185 1548 mento
1215 1493 1357 1548 maximam
1381 1491 1485 1562 quidem
1512 1501 1662 1562 portionem
1685 1495 1767 1548 libero
1795 1495 1908 1548 derelin-

1097 1565 1174 1630 quat,
1200 1563 1375 1616 minusculam
1398 1567 1488 1614 eutem
1506 1563 1551 1614 alii
1569 1561 1611 1616 vel
1628 1563 1686 1618 aliis
1705 1563 1737 1616 da
1755 1579 1805 1618 111
1822 1563 1907 1630 stirpe

1096 1629 1250 1700 progenitis,
1274 1629 1359 1698 ipsam
1379 1635 1468 1684 tamen
1487 1629 1628 1698 legitimam
1647 1631 1699 1686 sive
1716 1631 1743 1684 in
1760 1631 1908 1686 hereditate

1096 1699 1137 1752 vel
1163 1697 1191 1750 in
1216 1699 1303 1766 legato
1328 1697 1371 1752 vel
1396 1697 1423 1750 11
1449 1695 1667 1764 fideicommissa
1694 1705 1725 1752 ut
1745 1715 1800 1752 uon
1821 1699 1908 1770 possit

1096 1767 1170 1822 locus
1199 1767 1232 1820 de
1258 1765 1401 1820 inofficiosi
1427 1767 1578 1820 testamenti
1601 1767 1759 1836 querellae¹²
1785 1767 1856 1832 iteri,
1880 1773 1908 1820 et

1095 1837 1140 1888 ille
1159 1833 1271 1902 quidem,
1291 1835 1335 1902 qui
1354 1849 1386 1888 ex
1403 1834 1514 1902 parvulo
1531 1835 1657 1902 genitoris
1677 1837 1718 1890 sui
1736 1837 1908 1904 consequitur

1096 1903 1285 1968 substantiam,
1310 1917 1369 1956 eam
1391 1903 1463 1956 susci
1484 1917 1527 1956 ere
1544 1903 1680 1968 maluerit,
1705 1905 1751 1974 qui
1768 1911 1857 1958 autem
1874 1919 1907 1956 err

1096 1971 1196 2026 maiore
1220 1977 1296 2040 parte
1324 1987 1382 2024 eam
1406 1921 1546 2040 ampiexus
1570 1977 1622 2040 est,
1651 1973 1704 2028 sive
1727 1989 1796 2028 1111
1819 1973 1860 2028 vel
1884 1971 1906 2026 si

1097 2041 1187 2110 plures
1206 2041 1266 2104 sint,
1284 2055 1338 2094 non
1357 2039 1446 2094 statim
1463 2043 1491 2094 et
1508 2041 1566 2094 1111
1585 2041 1749 2096 contentioso
1767 2041 1905 2110 proposito

1096 2107 1137 2164 val
1155 2107 1210 2162 ulla
1227 2123 1302 2162 mora
1320 2121 1378 2160 eam
1395 2109 1536 2162 restituere
1553 2109 1679 2178 voluerit,
1700 2109 1748 2164 sed
1765 2113 1905 2178 expectato

1096 2175 1255 2232 iudiciorum
1278 2177 1392 2244 strepitu
1412 2181 1440 2232 et
1454 2177 1546 2232 multis
1564 2177 1697 2246 variisque
1715 2177 1906 2232 certaminibus

1096 2243 1195 2298 habitis
1217 2249 1279 2314 post
1302 2245 1408 2312 longum
1426 2249 1531 2314 tempus
1550 2259 1582 2298 ex
1601 2247 1732 2300 sententia
1748 2245 1844 2300 iudicis
1862 2245 1907 2300 vix

1096 2329 1155 2368 eam
1172 2313 1328 2376 reddiderit,
1353 2313 1537 2368 crudelitatem
1561 2315 1617 2368 eius
1642 2313 1802 2382 competenti
1819 2329 1907 2382 poena

1095 2379 1272 2448 adgredimur,
1292 2385 1334 2446 ut,
1359 2383 1381 2436 si
1398 2381 1464 2436 haec
1482 2381 1581 2436 1111111
1599 2384 1750 2448 subsecuta,
1775 2399 1829 2436 uon
1846 2389 1905 2436 tan·

1094 2455 1152 2504 tum
1172 2451 1201 2502 11
1224 2449 1324 2518 quod¹³
1345 2453 1459 2504 testator
1482 2451 1565 2504 voluit
1589 2467 1648 2506 eum
1674 2451 1814 2506 restituere
1842 2467 1905 2506 con-

1095 2519 1247 2582 demnetur,
1270 2517 1317 2572 sed
1334 2517 1415 2572 etiam
1432 2517 1510 2572 aliam
1527 2519 1632 2574 tertiam
1649 2525 1752 2588 partem
1772 2519 1904 2586 quantita-

1094 2587 1143 2652 tis,
1176 2601 1244 2654 quae
1274 2585 1364 2640 tuerat
1391 2587 1419 2640 in
1452 2591 1611 2640 testamento
1647 2589 1787 2654 derelicta,
1820 2585 1905 2642 modis

1094 2655 1217 2710 omnibus
1244 2653 1367 2722 reddere,
1394 2659 1425 2708 ut
1445 2655 1558 2710 avaritia
1580 2657 1636 2710 eius
1661 2654 1782 2724 legitimis
1808 2655 1905 2710 ictibus

1093 2723 1216 2778 feriatur:
1245 2721 1305 2778 aliis
1331 2723 1466 2790 omuibus,
1493 2725 1612 2792 quaein
1637 2725 1729 2778 codem
1745 2729 1905 2778 testamento

1093 2793 1135 2846 vel
1158 2793 1199 2844 elo
1219 2791 1244 2844 'o
1267 2791 1367 2860 scripta
1389 2795 1465 2858 sunt,
1487 2809 1536 2862 pro
1561 2793 1603 2846 sui
1620 2797 1713 2848 tenore
1730 2791 1764 2846 11
1781 2793 1905 2848 effectum

1097 2867 1107 2914 1
1153 2875 1201 2928 per
1220 2859 1336 2914 ucendis.
1385 2861 1464 2928 Legis
1492 2865 1581 2916 autern
1612 2861 1707 2916 veteris
1739 2861 1904 2928 iniquitatem

1093 2929 1230 2992 tollentes,
1265 2931 1373 2982 utnon
1399 2929 1499 2984 diutius
1526 2931 1666 2984 erubescat
1689 2931 1791 3010 posita,
1825 2943 1904 2998 quam

1093 2997 1176 3052 Iulius
1199 2995 1301 3050 Paulus
1326 2997 1355 3048 in
1380 2997 1436 3052 suis
1462 2997 1569 3066 scripsit
1593 2997 1806 3066 quaestionibus,
1833 2997 1903 3052 hanc

1093 3065 1239 3134 piissimam
1265 3065 1435 3132 adgredimur
1460 3067 1633 3122 sanctionem.
1679 3081 1740 3122 cum
1766 3065 1836 3120 enim
1861 3067 1902 3118 in·

1093 3135 1194 3188 tantem
1211 3135 1318 3188 suum¹⁴
1335 3149 1389 3186 non
1407 3151 1487 3204 posse
1502 3135 1635 3202 ingratum
1653 3149 1670 3186 a
1687 3139 1772 3188 matre
1790 3149 1839 3188 sua
1856 3147 1901 3188 vo-

1094 3201 1150 3258 cari
1168 3201 1275 3270 scripsit
1298 3217 1383 3270 neque
1399 3207 1509 3272 propter
1532 3203 1584 3258 hoc
1602 3203 1635 3256 ab
1653 3201 1747 3256 ultima
1765 3217 1902 3258 111111-

1092 3271 1141 3324 tris
1156 3269 1305 3324 hereditate
1319 3271 1421 3340 repelli,
1439 3271 1492 3326 nisi
1506 3271 1557 3326 boc
1573 3271 1634 3324 odio
1649 3271 1690 3324 rui
1704 3269 1797 3324 iecerit
1805 3271 1902 3336 mariti,

1093 3355 1128 3394 ex
1143 3353 1194 3406 quo
1209 3337 1298 3392 infans
1313 3339 1468 3408 progenitus
1482 3345 1530 3404 est,
1549 3339 1601 3392 hoc
1613 3339 1732 3406 iniquum
1745 3339 1902 3406 iudicantes,

1092 3413 1123 3462 ut
1141 3405 1227 3460 alieno
1246 3405 1307 3462 odio
1325 3407 1392 3462 alius
1410 3411 1614 3476 praegravetur,
1637 3407 1744 3476 penitus
1763 3407 1903 3462 delendum

1093 3489 1152 3530 esse
1178 3473 1311 3528 sancimus
1339 3477 1394 3528 etl5
1421 3475 1572 3530 huiusmodi
1598 3491 1707 3528 oausam
1731 3477 1822 3530 liberis
1849 3491 1903 3530 nou

1091 3547 1196 3596 tantum
1218 3541 1379 3608 infantibus,
1403 3543 1450 3598 sed
1475 3543 1554 3598 etiarn
1577 3559 1770 3612 quamcumque
1788 3549 1902 3600 aetatem

1092 3611 1232 3680 agentibus
1259 3611 1359 3678 opponi
1384 3611 1491 3666 minime
1517 3611 1701 3678 concedimus,
1728 3627 1788 3666 cum
1817 3611 1903 3682 possit

1092 3681 1142 3734 sub
1160 3679 1317 3732 condicione
1333 3681 1551 3748 emancipationis
1565 3679 1739 3734 hereditatem
1754 3697 1830 3734 suam
1845 3697 1900 3734 rna-

1092 3755 1134 3804 ter
1155 3747 1209 3800 lilio
1231 3747 1416 3816 derelinquens
1438 3753 1466 3802 et
1487 3747 1570 3816 patris
1589 3747 1677 3802 odium
1695 3749 1790 3818 punire
1808 3753 1835 3802 et
1851 3749 1902 3804 iuri

1092 3815 1140 3870 filii
1163 3815 1205 3870 sui
1229 3815 1333 3870 minime
1356 3831 1452 3870 nocere
1475 3831 1523 3870 nec
1547 3831 1622 3870 suam
1649 3821 1773 3872 naturam
1799 3817 1900 3870 fallere.

1092 3885 1156 3940 satis
1182 3885 1251 3938 eninr
1272 3885 1380 3938 crudele
1403 3885 1480 3940 nobis
1505 3899 1563 3940 esse
1580 3885 1683 3940 videtur
1707 3901 1767 3940 eum
1785 3885 1831 3954 qui
1847 3903 1902 3940 uon

1092 3951 1173 4008 sentit
1195 3951 1327 4020 ingratum
1352 3951 1503 4008 existimari.
1544 3953 1575 4008 D.
1597 3953 1685 4008 111.
1712 3951 1767 4008 Oct.
1794 3951 1902 4008 Ciuica*

1091 4023 1162 4076 donc
1179 4017 1263 4074 Decio
1282 4037 1320 4074 oc.
1340 4037 1413 4076 cons.
1651 4083 1652 4086 ,
1789 4027 1822 4086 [u.
1841 4025 1899 4086 129]

1127 4083 1165 4146 34
1186 4087 1260 4142 idem
1275 4089 1306 4142 A.
1318 4087 1437 4142 Iohanni
1448 4107 1499 4162 pp.
1536 4089 1564 4144 Si
1582 4089 1641 4158 quis
1658 4089 1742 4144 filium
1760 4107 1900 4146 1111111-

1091 4155 1247 4212 11111111
1278 4155 1373 4210 iecerit
1403 4157 1455 4212 alio
1489 4159 1589 4226 scripto
1620 4159 1729 4224 herede,
1766 4157 1902 4228 reliquerit

1091 4231 1181 4280 autem
1199 4239 1231 4278 ex
1254 4239 1285 4278 eo
1304 4233 1427 4296 nepotem
1443 4227 1485 4280 vel
1502 4227 1589 4280 vivum
1606 4227 1647 4280 vel
1664 4227 1692 4280 iu
1709 4231 1800 4282 ventre
1818 4243 1900 4282 nurus

1091 4309 1155 4350 suae
1184 4293 1370 4358 constitutum,
1400 4293 1564 4350 deliberante
1590 4311 1651 4350 vero
1677 4295 1777 4364 scripto
1802 4295 1900 4350 herede

1090 4363 1161 4416 iilius
1176 4361 1326 4426 decesserit,
1346 4363 1419 4416 nulla
1433 4363 1588 4416 hereditatis
1603 4363 1731 4432 petitione
1745 4379 1778 4418 ex
1795 4365 1900 4418 nomine

1091 4431 1125 4484 11
1146 4429 1297 4484 inofficioso
1322 4431 1527 4486 constituisset
1548 4435 1710 4500 praeparata
1730 4433 1899 4486 11111111-

1089 4497 1189 4554 torium
1212 4503 1335 4566 nepotem
1359 4497 1506 4566 dereliquit.
1546 4513 1596 4554 nee
1619 4499 1689 4554 euim
1712 4505 1789 4578 pater
1808 4499 1900 4568 nepoti

1090 4565 1197 4634 aliquod
1215 4567 1265 4632 ius,
1285 4581 1345 4620 cum
1363 4567 1515 4632 decesserit,
1540 4571 1635 4620 contra
1655 4575 1739 4637 patrrs
1758 4569 1799 4622 sui
1817 4573 1899 4624 testa-

1088 4641 1208 4690 mentum
1232 4635 1384 4702 dereliquit,
1410 4635 1473 4704 quia
1496 4641 1590 4704 postea
1607 4639 1635 4690 et
1652 4635 1725 4690 adita
1742 4641 1785 4692 est
1801 4637 1836 4692 ab
1854 4653 1899 4692 ex-

1088 4711 1183 4758 tranee
1200 4701 1334 4758 hereditas
1354 4709 1380 4758 ct
1398 4703 1544 4772 supervixit
1561 4719 1609 4758 avo
1625 4709 1703 4772 pater
1721 4705 1786 4770 eius,
1805 4711 1836 4758 ut
1852 4719 1898 4758 ne·

1090 4787 1140 4842 que
1164 4787 1197 4824 ex
1214 4771 1271 4840 lege
1289 4771 1398 4826 Vellaea
1418 4773 1503 4842 possit
1528 4773 1555 4826 iu
1572 4773 1661 4826 locum
1676 4773 1761 4840 patris
1779 4773 1898 4828 111111-

1090 4839 1184 4896 cedere
1207 4845 1233 4892 et
1256 4839 1407 4894 rescindere
1431 4845 1626 4894 testamentum.
1663 4847 1690 4894 11
1709 4841 1761 4896 hoc
1778 4839 1899 4896 nonnulli

1089 4909 1155 4962 iuris
1174 4907 1290 4962 consulti
1306 4907 1334 4960 iu
1357 4907 1442 4962 medio
1466 4913 1655 4978 proponentes
1669 4909 1812 4964 inhumane
1836 4909 1897 4964 reli·

1091 4983 1103 5032 t
1158 4981 1263 5030 uerunt.
1305 4975 1357 5030 Sed
1374 4991 1437 5040 nos,
1463 4977 1507 5045 qui
1530 4991 1620 5030 omnes
1639 4977 1774 5032 subiectos
1790 4983 1897 5032 nostros

1090 4993 1205 5100 atilios
1229 5049 1257 5098 et
1280 5047 1391 5112 nepotes
1415 5045 1515 5098 habere
1538 5043 1718 5100 existimamus
1748 5045 1898 5100 adiectione

1088 5119 1201 5182 paterna
1220 5111 1421 5178 minitatione,
1446 5111 1593 5166 secuudum
1616 5113 1687 5182 qued
1710 5113 1836 5180 possibile
1856 5115 1898 5166 est

1089 5181 1206 5252 omnium
1233 5181 1371 5234 commodo
1397 5181 1619 5250 1111111111111116
1650 5181 1772 5236 iubemus
1796 5181 1825 5234 iu
1850 5179 1898 5234 tali

1089 5249 1179 5318 specie
1201 5247 1373 5304 1111111111
1397 5249 1487 5316 nepoti
1504 5247 1574 5314 dari,
1599 5265 1667 5316 quae
1684 5247 1755 5304 filius
1772 5249 1897 5314 habebat,

1090 5323 1117 5372 et
1133 5317 1185 5372 nisi
1207 5317 1375 5386 praeparatio
1393 5315 1467 5370 iacta
1485 5323 1525 5372 est
1542 5317 1577 5370 ad
1593 5315 1737 5372 inofficiosi
1755 5319 1897 5386 querellam

1088 5490 1118 5539 de
1127 5487 1260 5538 inofficiosi
1274 5487 1415 5538 testamenti
1428 5487 1530 5552 querele
1540 5485 1601 5550 1³0⁰,
1619 5485 1649 5538 de
1667 5487 1805 5538 inofficioso
1823 5489 1895 5538 testa·

1087 5559 1170 5606 mento
1189 5553 1302 5618 querelae
1319 5557 1345 5606 a
1419 5555 1464 5620 (is)
1483 5557 1511 5606 in
1529 5552 1596 5618 quod
1613 5555 1658 5620 Pl,
1682 5555 1709 5604 11
1725 5555 1753 5604 11
1771 5555 1837 5620 quod
1857 5553 1896 5616 0⁶,

1086 5625 1114 5674 iu
1133 5639 1182 5686 quo
1201 5623 1255 5674 pig
1306 5625 1350 5686 (11)
1365 5639 1437 5674 suun
1455 5625 1509 5688 ΡΒ,
1527 5623 1609 5690 aar)
1659 5619 1899 5688 (11)1111,11Ρο

1088 5693 1131 5752 (11)
1141 5691 1283 5808 Pergameis
1304 5691 1480 5758 perspicientes
1506 5691 1571 5750 0⁰3,
1598 5691 1724 5742 commoda
1746 5689 1894 5756 perspicien-

1086 5763 1123 5808 tes
1167 5761 1188 5812 0
