4258 6266
245 361 303 426 VII
325 363 447 426 to-rs
1040 353 1103 428 3111
1647 381 1694 426 na
1716 375 1899 426 scuranum

243 549 324 602 multo
348 543 429 612 magis
450 541 594 594 sententias
613 541 877 598 eminentissimorum
893 545 1043 612 praelecto·
1094 543 1277 598 condemnatio
1301 543 1461 596 auctoritate
1486 545 1522 596 rei
1547 543 1679 598 iudicatae
1703 545 1851 606 censeatur,
1877 543 1899 596 si

244 633 302 670 rum
326 613 366 666 vel
389 611 500 662 aliorum
525 623 665 676 procerum
683 611 846 678 (nonenim,
870 611 893 664 si
911 613 973 678 quid
990 631 1044 668 nou
1094 617 1170 680 parte
1197 613 1284 680 aliqua
1311 615 1432 666 actorum
1459 615 1532 664 certa
1559 613 1593 667 sit
1620 613 1754 682 quantitas
1779 627 1898 678 cumpre-

244 685 310 736 bene
335 679 484 742 dirimatur,
509 677 561 730 hoc
584 681 611 732 et
634 675 662 732 in
685 677 796 732 aliorum
818 679 936 734 iudicum
954 683 1044 738 vitium
1094 681 1185 736 hensa.

244 747 348 802 extendi
366 749 478 816 oportet,
498 759 558 798 cunr
575 761 628 798 non
643 747 777 816 exemplis,
797 747 842 800 sed
856 746 959 814 legibus
977 749 1043 804 iudi-
1127 747 1248 804 4Idem
1270 747 1299 800 A.
1326 745 1498 800 Saturninae,
1543 747 1617 802 Haec
1643 747 1789 804 sententia:
1817 749 1899 816 ‘quae

244 815 357 870 candum
380 817 442 882 est),
467 829 517 866 nec
540 813 565 866 si
589 813 777 882 cognitionales
797 815 849 870 sint
867 815 1044 882 amplissimae
1095 817 1177 870 ‘bona
1200 815 1252 870 fide
1276 813 1440 882 accepisti¹⁰‚
1465 813 1556 880 solve’,
1583 831 1641 868 cunr
1666 817 1897 882 interimerent,

209 893 210 896 ’
243 885 426 952 praefecturae
444 883 485 936 vel
506 881 618 936 alicuius
642 883 749 936 maximi
766 883 936 950 magistratus
954 889 1044 952 prola·
1095 885 1158 954 quid
1181 883 1329 952 accepisset
1352 887 1531 950 quantumque
1555 883 1587 934 ab
1607 899 1637 936 eo
1655 891 1803 952 peteretur,
1821 897 1898 952 prae-

243 961 286 1006 tae
310 951 468 1006 sententiae:
491 949 537 1004 sed
554 965 645 1004 omnes
662 949 763 1006 iudices
782 953 888 1004 nostros
907 955 1044 1008 veritatem
1094 953 1184 1008 sertim
1208 961 1267 1006 cum
1289 951 1347 1018 ipse
1370 951 1413 1018 qui
1436 957 1511 1002 extra
1529 951 1647 1004 ordinem
1664 953 1801 1008 iudicabat
1817 951 1898 1006 inter-

243 1025 270 1074 et
286 1021 372 1088 legum
390 1021 417 1074 ot
432 1017 550 1072 iustitiae
566 1017 641 1086 sequi
658 1021 768 1086 vestigia
785 1017 928 1074 sancimus.
956 1021 987 1074 J).
1005 1039 1046 1076 nr
1094 1023 1199 1076 loeutus
1218 1021 1252 1074 sit
1270 1019 1357 1090 dotem
1376 1017 1464 1070 datam
1484 1033 1551 1086 quae
1568 1027 1734 1086 repeteretur
1751 1037 1804 1074 uon
1820 1019 1898 1086 liqui-

215 1133 216 1140 .
242 1089 267 1142 ir.
288 1089 367 1142 Νοο.Ι
932 1095 966 1154 [a.
985 1095 1043 1156 aas]
1095 1089 1154 1144 dam
1169 1105 1236 1152 csse,
1255 1087 1365 1142 iudicati
1379 1087 1540 1140 auctoritate
1554 1103 1607 1140 non
1621 1087 1722 1140 nititur.
1751 1087 1898 1156 oumigitur

278 1155 317 1212 14
342 1153 429 1208 ²Idem
452 1155 482 1206 A.
506 1151 680 1210 Demostheni
699 1173 749 1224 pp.
793 1155 858 1208 Cum
881 1155 1043 1224 Papinianus
1094 1157 1116 1212 is
1136 1157 1180 1226 qui
1198 1159 1292 1226 postea
1309 1153 1445 1208 iudicabat
1466 1159 1560 1208 contra
1577 1157 1604 1208 te
1622 1163 1722 1208 certam
1740 1155 1896 1210 sententiam

243 1223 336 1278 summi
359 1221 455 1290 ingenii
478 1221 518 1276 vir
540 1221 568 1276 in
592 1221 791 1290 quaestionibus
811 1223 867 1278 suis
884 1225 936 1278 rite
954 1225 1042 1296 dispo·
1112 1225 1206 1278 rotulit
1230 1239 1317 1292 neque
1343 1225 1376 1278 ab
1403 1223 1509 1276 statutis
1536 1225 1734 1290 provocaveris,
1765 1225 1824 1292 ipsa
1851 1227 1896 1276 tuo

242 1293 296 1346 suit
318 1307 371 1344 uon
394 1289 478 1344 solum
495 1289 609 1346 iudicem
626 1291 659 1344 da
677 1291 844 1346 absolutione
862 1293 900 1346 rei
917 1293 1042 1358 iudicare,
1094 1243 1166 1348 beto
1187 1293 1349 1348 confirmasti
1367 1291 1520 1344 iudicatum.

242 1359 288 1416 sed
311 1359 397 1428 ipsum
421 1365 548 1426 actorem,
572 1359 595 1414 si
620 1373 635 1410 e
660 1359 795 1414 contrario
814 1361 945 1416 obnoxius
962 1361 1044 1416 fuant

240 1431 374 1492 iuventae,
407 1427 594 1486 condemnare,
622 1425 774 1482 huiusmodi
806 1431 965 1482 sententiam
989 1447 1043 1484 non

242 1497 327 1552 solum
344 1497 536 1616 mqundams'q
554 1495 600 1548 sed
617 1495 697 1614 ptiam
715 1495 864 1564 aagendam
881 1513 939 1618 epse
956 1499 1042 1552 sana·
1406 1501 1581 1560 XXXXVIL

352 1597 353 1602 =
400 1565 405 1578 ’
491 1565 517 1616 iu
537 1563 572 1616 ici
589 1579 620 1614 ve
650 1569 742 1616 contra
1031 1595 1043 1606 -
1850 1601 1857 1620 s

241 1567 523 1698 trutinata
630 1567 965 1688 ........rrru.ur
980 1583 1041 1704 su.
1093 1599 1140 1650 u
1153 1599 1715 1666 aare

241 1701 378 1764 nuntmre,
402 1701 475 1754 nulla
498 1701 522 1752 ei
540 1699 699 1768 opponenda
717 1701 881 1768 exceptione,
901 1703 972 1770 quod
989 1719 1042 1758 non
1619 1707 1625 1718 ‘

242 1773 393 1838 competens
423 1767 503 1820 iudex
530 1767 632 1836 agentis
660 1783 718 1822 esse
744 1769 921 1836 cognoscitur.
968 1771 1041 1824 euirts
1128 1765 1258 1848 1¹¹Imp.
1283 1767 1452 1824 Iasdrrianus
1475 1769 1505 1824 A.
1530 1767 1649 1824 Iohanni
1669 1787 1716 1842 pp.
1759 1769 1824 1822 Germ
1847 1785 1896 1836 pro

240 1837 354 1890 enimin
373 1835 472 1902 agendo
492 1835 641 1890 observavit
659 1834 806 1902 arbitrium,
825 1853 885 1892 eum
900 1839 998 1894 habere
1016 1845 1043 1892 et
1094 1851 1124 1890 eo
1144 1837 1215 1902 quod
1231 1843 1343 1890 interest
1361 1837 1538 1892 dubitationes
1562 1837 1687 1904 antiquae
1713 1837 1741 1890 in
1765 1837 1896 1890 infinitum

242 1911 334 1960 eontra
351 1919 380 1958 se
396 1903 508 1958 iudicem
522 1905 551 1956 in
565 1903 657 1958 eodem
673 1905 777 1974 negotio
793 1923 846 1960 non
862 1905 1041 1974 dedignatum.
1093 1905 1239 1972 productae
1261 1911 1336 1970 sunt,
1361 1905 1454 1960 melius
1478 1905 1555 1960 nobis
1580 1905 1664 1958 visum
1687 1909 1728 1960 est
1748 1905 1896 1958 huiusmodi

276 1971 312 2028 15
333 1967 390 2074 1510
409 1967 486 2024 αὐτὸς
502 1969 627 2040 pasitele
644 1969 781 2040 'tooituoqi
799 1971 906 2046 ονάρχῳ
922 1995 1042 2048 apulea·
1093 1971 1272 2042 prolixitatem
1295 1977 1376 2052 prout
1398 1975 1535 2054 possibile
1547 1983 1586 2028 est
1608 1973 1641 2052 in¹
1661 1979 1801 2054 angustpm
1821 1989 1896 2052 coar3

240 2045 358 2160 11111
377 2105 495 2170 sata
518 2103 617 2160 aaa.
641 2105 752 2160 πλλλλλ
877 2113 907 2164 α
923 2113 957 2184 ,λ
983 2109 1053 2184 λλ,
1094 2043 1898 2178 iditutttttttdtttittttttdtttst

306 2175 460 2246 κεφαλαίων
486 2173 624 2228 δύνασθαι
656 2175 705 2228 τὸν
737 2175 867 2244 δικαστὴν
893 2183 942 2232 ent
969 2195 1043 2232 τισιν
1094 2177 1288 2232 venditionibus
1313 2183 1340 2232 et
1361 2179 1539 2232 locationibus
1563 2181 1590 2232 et
1613 2179 1734 2232 omnibus
1754 2177 1897 2232 contracti-

308 2241 399 2298 adeas
430 2243 569 2316 ἐξαγαγεῖν
600 2239 740 2312 ἀπόφασιν
771 2243 876 2298 τελείαν
905 2253 949 2298 καὶ
980 2243 1042 2300 τότε
1093 2247 1152 2310 bus,
1169 2247 1221 2302 hoe
1239 2247 1310 2316 quod
1327 2247 1440 2300 interest
1457 2247 1530 2314 dupli
1545 2247 1718 2314 quantitatem
1732 2247 1837 2300 minime
1853 2263 1896 2300 en·

304 2307 390 2368 κλάλιν
412 2315 523 2378 ζητῆσαι
545 2315 607 2386 περὶ
630 2313 689 2364 scio
710 2311 801 2366 ἄλλων
821 2321 866 2368 καὶ
889 2311 1041 2378 πάλινέξε-
1093 2315 1201 2370 cedere:
1224 2315 1253 2370 in
1271 2315 1330 2376 aliis
1346 2321 1435 2368 autem
1457 2315 1575 2380 casibus,
1600 2315 1644 2384 qui
1665 2315 1761 2370 incerti
1784 2331 1842 2370 esse
1859 2315 1896 2370 vi-

306 2385 409 2454 ueyario
434 2379 484 2446 τὴν
510 2377 642 2434 δοκοῦσαν
669 2375 743 2448 αὐτῷ
770 2379 910 2454 ἀπόφασιν
935 2387 981 2436 καὶ
1006 2383 1042 2454 μὴ
1093 2385 1203 2452 dentur,
1225 2383 1342 2448 iudices,
1367 2385 1410 2450 qui
1437 2397 1530 2436 causas
1555 2383 1713 2438 dirimendas
1738 2383 1895 2452 suscipiunt,

305 2445 507 2520 ἀναγκάζεσθαι
526 2453 591 2516 μίαν
609 2443 750 2518 deripuere
767 2457 828 2524 περὶ
852 2449 966 2506 πάντων
987 2447 1041 2522 ἅμα
1092 2467 1140 2520 per
1157 2467 1232 2504 suam
1251 2451 1425 2506 subtilitatem
1442 2451 1587 2520 requirere,
1605 2459 1647 2518 ut,
1673 2453 1772 2520 quod²²
1789 2467 1817 2504 re
1835 2467 1896 2506 vera

306 2515 391 2590 liparo
408 2517 467 2570 τῶν
483 2515 663 2588 repullulant
1091 2519 1227 2574 inducitur
1245 2521 1382 2586 damnum,
1406 2521 1458 2574 hoe
1480 2519 1605 2572 reddatur
1623 2525 1649 2574 et
1667 2537 1719 2574 non
1737 2535 1769 2574 ex
1787 2519 1896 2588 quibus·

275 2583 313 2644 16
331 2583 406 2640 idem
421 2587 450 2640 A.
469 2583 577 2640 Iuliano
595 2603 612 2656 p
637 2627 641 2636 .
670 2583 736 2640 (lum
754 2587 861 2640 solitum
878 2591 919 2642 est
936 2589 964 2640 in
981 2603 1041 2642 seu·
1093 2588 1154 2641 dam
1170 2589 1413 2642 machinationibus
1434 2593 1460 2640 et
1477 2587 1622 2640 immodicis
1639 2589 1852 2658 pervasionibus
1870 2589 1897 2640 in

239 2655 329 2708 tentiis
353 2653 469 2708 iudicum
493 2653 531 2706 sic
552 2603 784 2708 interlocutionem
799 2655 921 2724 proferri,
941 2661 1041 2710 utnon
1093 2655 1218 2712 circuitus
1237 2657 1435 2710 inextricabiles
1454 2655 1602 2724 redigatur,
1625 2673 1666 2722 ne,
1685 2657 1746 2710 dum
1763 2657 1792 2708 in
1808 2655 1896 2708 intini-

239 2723 319 2778 lieeat
335 2723 454 2790 partibus
473 2727 535 2774 ante
551 2721 711 2774 definitivam
725 2721 884 2778 sententiam
900 2725 934 2778 ad
950 2725 1040 2792 appel·
1092 2727 1149 2778 turn
1174 2727 1335 2792 computatio
1360 2725 1511 2790 reducitur,
1538 2739 1587 2792 pro
1612 2739 1660 2778 sua
1683 2723 1897 2792 impossibilitate

197 2799 199 2806 ’
238 2791 344 2844 lationis
374 2791 415 2846 vel
446 2789 621 2844 recusationis
647 2789 735 2844 venire
762 2791 900 2858 aradium,
935 2793 1041 2860 quidam
1093 2793 1183 2858 cadat,
1208 2809 1268 2846 cunr
1290 2793 1387 2846 seimus
1406 2807 1464 2846 esse
1482 2797 1593 2850 naturae
1612 2809 1755 2862 congruum
1773 2809 1818 2846 eas
1836 2795 1895 2846 tan-

239 2859 371 2938 putabant
400 2873 455 2914 nou
485 2859 565 2912 licere
598 2861 660 2912 ante
688 2857 761 2912 litem
789 2863 965 2916 contestatam
992 2877 1040 2916 nec
1091 2861 1226 2916 tummodo
1244 2877 1343 2928 poenas
1363 2861 1438 2928 exigi,
1464 2877 1532 2928 quae
1551 2877 1611 2912 eum
1629 2861 1788 2928 competenti
1806 2861 1895 2914 mode·

239 2927 351 2982 iudicent
374 2943 512 2994 recusare,
537 2925 756 2994 quemadmodum
778 2943 828 2982 nec
845 2929 879 2982 ab
899 2943 930 2984 eo
949 2931 1039 3000 appel·
1091 2929 1196 2982 ratione
1208 2929 1382 2998 proteruntur
1395 2931 1436 2982 vel
1451 2945 1467 2982 a
1482 2929 1584 2996 legibus
1601 2937 1672 2982 certo
1686 2931 1739 2984 tine
1754 2931 1896 2982 conclusae

238 2997 303 3050 lare.
338 3011 398 3048 oum
421 2995 489 3048 eninr
506 2995 584 3048 simul
600 2999 741 3064 utrumque
758 2997 917 3050 vocabulum
934 2997 1041 3066 ponitur
1092 3003 1107 3052 2
1142 3003 1303 3052 statuuntur.
1344 2997 1381 3050 Et
1402 2997 1455 3050 hoe
1475 3013 1530 3052 non
1548 2997 1633 3052 solum
1660 2997 1687 3050 in
1714 2999 1823 3062 damno,
1850 2997 1896 3052 sed

238 3069 292 3116 tam
302 3063 486 3132 appellationis
496 3077 574 3130 quam
583 3063 768 3128 recusationis,
786 3065 942 3134 provocatio
953 3071 1040 3120 autem
1091 3066 1171 3120 etiam
1193 3069 1221 3120 in
1244 3067 1318 3120 lucro
1341 3071 1434 3120 nostra
1456 3065 1625 3134 amplectitur
1643 3067 1810 3130 constitutio,
1835 3066 1896 3132 quia

238 3137 300 3186 ante
317 3131 390 3186 litem
407 3135 581 3186 contestatam
599 3147 653 3184 non
670 3137 759 3198 potest
776 3133 882 3202 porrigi,
900 3135 1039 3202 putabant,
1091 3139 1119 3186 et
1145 3147 1178 3186 ea
1205 3149 1235 3188 eo
1261 3141 1361 3188 veteres
1388 3135 1595 3202 quodiuterest
1617 3137 1782 3188 statuerunt:
1808 3139 1836 3186 et
1862 3135 1896 3186 sit

239 3199 310 3266 quod
331 3215 381 3254 nec
401 3213 524 3252 recusare
542 3197 647 3268 quidem
664 3199 778 3254 iudicent
796 3201 900 3256 crudam
917 3201 1039 3256 concedi·
1091 3201 1227 3268 omnibus,
1253 3201 1397 3256 seeundum
1415 3201 1487 3270 quod
1503 3201 1604 3256 dietum
1622 3207 1674 3268 est,
1691 3201 1752 3256 finis
1772 3203 1896 3270 antiquae

236 3273 281 3322 tur
305 3273 367 3322 ante
389 3267 462 3322 litem
486 3271 669 3322 contestatam.
711 3267 783 3336 quod
806 3269 912 3324 minime
931 3271 1039 3324 vetitum
1090 3271 1251 3340 prolixitatis
1268 3271 1347 3324 huius
1364 3271 1562 3342 constitutionis
1577 3269 1706 3324 recitatio.
1734 3269 1767 3324 D.
1783 3269 1808 3324 n.
1820 3271 1893 3342 Sept.

237 3341 285 3390 est.
330 3341 441 3390 caveant
472 3337 562 3404 itaque
588 3335 688 3388 iudices
715 3337 866 3392 huiusmodi
891 3353 1038 3392 sermonem
1092 3337 1327 3410 Constantinopoli
1345 3339 1601 3410 postconsulatum
1619 3337 1764 3410 lampadii
1786 3345 1812 3392 et
1832 3339 1894 3392 tirc-

238 3405 315 3458 simul
338 3409 365 3458 et
386 3405 442 3458 sine
461 3409 534 3458 certa
551 3401 720 3458 distinctione
737 3405 866 3472 proferre.
903 3405 935 3458 ll.
955 3421 999 3460 nv
1012 3405 1038 3460 lt.
1089 3413 1149 3462 stae
1165 3423 1203 3462 oo.
1223 3423 1260 3462 ec.
1783 3411 1815 3472 [a.
1836 3411 1894 3472 531]

239 3471 300 3528 Dee.
318 3471 469 3544 lampadio
487 3477 514 3526 et
533 3471 628 3526 Oresta
646 3487 684 3526 au.
704 3487 741 3528 ca
761 3489 848 3528 conss.
925 3477 960 3540 [a.
979 3479 1038 3540 too]

1385 3613 1599 3674 xxxivdie
1646 3651 1648 3656 .

556 3677 729 3740 xxxiivi*
1120 3715 1151 3766 sr
1169 3717 1240 3768 nort
1257 3717 1279 3766 s
1297 3715 1518 3766 conversura
1534 3711 1654 3764 ruoren
1672 3713 1862 3766 roorcsron

257 3779 304 3830 nn
321 3779 522 3840 serranum,
541 3777 631 3836 onas
649 3777 728 3828 sinn
746 3777 857 3830 cnara
875 3781 1015 3840 eonnrr-
1366 3783 1447 3832 assa
1466 3781 1621 3834 oronnae.
1948 3803 1949 3806 λ

461 3847 549 3898 Tm
566 3845 720 3956 PROQA
737 3849 807 3898 EST'
862 3947 867 3958 ¹
1124 3881 1137 3938 1
1161 3879 1230 3954 lnqa
1255 3883 1413 3940 Alexander
1435 3885 1465 3936 A.
1486 3881 1641 3936 Sabiniano.
1682 3881 1766 3936 Iudex
1784 3881 1818 3936 ad
1836 3897 1893 3936 cer·

272 3945 284 4002 1
308 3945 395 4018 Impp.
407 3945 521 4002 Seuerus
536 3945 723 4002 etAntoutnas
736 3949 792 4002 ΛΑ.
807 3947 945 4002 Αοίιοοοο.
972 3947 1038 4002 (lum
1088 3955 1144 4002 tam
1160 3965 1216 4004 rem
1234 3951 1326 4020 datus,
1351 3951 1374 4006 si
1391 3951 1425 4006 de
1442 3951 1500 4006 aliis
1518 3951 1707 4020 pronuntiavit,
1726 3967 1803 4020 quam
1822 3949 1893 4020 quod

236 4015 362 4080 iudicem,
386 4017 474 4084 quoad
490 4013 605 4082 pecunia
623 4013 848 4070 condemnationis
867 4016 956 4070 soluta
971 4017 1037 4072 iuis-
1088 4017 1124 4070 ad
1142 4033 1200 4072 eam
1217 4021 1333 4086 speeiem
1343 4021 1364 4054 ¹⁴
1380 4019 1504 4088 pertinet,
1523 4019 1589 4074 nihil
1605 4019 1665 4086 egit.
1693 4035 1734 4074 111
1749 4035 1811 4074 non.
1832 4017 1891 4074 Ian.

236 4089 283 4148 set,
302 4083 467 4152 pendendis⁹
484 4083 572 4136 usuns
590 4083 672 4150 legem
690 4083 788 4140 dirime
804 4081 963 4152 profitearis,
983 4101 1038 4140 non
1088 4085 1213 4140 Monimo
1233 4101 1260 4140 rr
1275 4095 1303 4142 et
1318 4089 1432 4142 Aeliano
1451 4103 1538 4142 conss.
1781 4091 1813 4152 [o.
1835 4091 1893 4152 113]

237 4155 330 4206 eontra
346 4151 411 4206 iuris
428 4149 541 4206 formam
558 4149 717 4206 sententiam
734 4151 823 4224 datam
839 4153 928 4222 palam
946 4155 994 4208 est.
1124 4151 1143 4210 2
1160 4153 1229 4226 Imp.
1247 4153 1401 4210 Gordianus
1418 4155 1450 4212 A.
1464 4155 1593 4210 Liciniae.
1629 4155 1659 4208 Si
1674 4155 1795 4210 militaris
1813 4155 1893 4208 iudex

269 4217 383 4290 2Imp.
410 4217 566 4274 Alexander
590 4219 621 4272 A.
654 4215 823 4276 Marcellino.
872 4221 1036 4288 Quamquam
1088 4237 1167 4291 super
1186 4239 1216 4278 ea
1235 4239 1329 4290 causa,
1355 4223 1387 4278 de
1411 4239 1464 4292 qua
1481 4223 1603 4278 civilibus
1620 4223 1770 4278 sedenibus
1787 4223 1891 4292 discep-

235 4287 364 4356 peouniae
387 4287 521 4356 quantitas
545 4287 676 4342 sententia
698 4289 830 4342 curatoris
853 4289 894 4344 rei
914 4291 1037 4358 publicae
1087 4289 1197 4344 tandum
1214 4291 1279 4358 init,
1304 4307 1357 4346 non
1375 4293 1461 4354 datus,
1481 4307 1497 4344 a
1514 4307 1565 4360 quo
1584 4289 1642 4344 dari
1659 4297 1774 4360 poterat,
1793 4305 1891 4358 cogno·

235 4371 290 4410 nou
309 4355 464 4420 continetur,
483 4353 615 4410 sannatia
631 4359 720 4410 maren
737 4357 793 4410 eius
810 4361 870 4410 rata
893 4359 946 4422 est,
971 4375 1035 4428 quc·
1087 4359 1135 4424 vit,
1158 4359 1238 4412 etiam
1255 4365 1357 4414 remota
1375 4359 1554 4428 appellatione
1571 4359 1599 4414 id
1616 4359 1688 4428 quod
1703 4361 1737 4414 ab
1757 4375 1788 4414 oo
1806 4363 1890 4414 statu·

236 4425 308 4476 uiam
323 4423 520 4480 indemnitatem
538 4423 577 4478 rei
593 4423 723 4496 publicae
733 4425 865 4504 praestari
882 4425 967 4480 iussit.
1086 4431 1143 4482 turn
1160 4431 1202 4482 est
1217 4427 1371 4482 firmitatem
1386 4443 1442 4482 non
1458 4427 1542 4482 habet
1556 4427 1675 4482 iudicati.

269 4489 287 4548 3
311 4491 379 4562 Imp.
408 4489 562 4546 Gordianus
587 4493 618 4544 A.
642 4493 762 4546 domitto.
797 4491 871 4548 Haec
888 4493 1035 4548 sententia:
1121 4491 1246 4566 dimpp.
1265 4495 1454 4552 diocletianas
1471 4503 1498 4550 et
1513 4493 1701 4552 Maximianus
1718 4495 1773 4550 AA.
1797 4501 1824 4550 et
1844 4493 1891 4548 CC.

236 4563 352 4614 ‘omnem
374 4559 455 4614 debiti
479 4559 652 4626 quantitatem
675 4575 735 4614 eum
755 4559 845 4616 asans
863 4563 1035 4630 competenti-
1085 4561 1215 4618 Philotae.
1252 4563 1280 4618 si
1298 4563 1330 4618 de
1346 4563 1512 4632 proprietate
1530 4563 1608 4618 datus
1625 4561 1706 4618 iudex
1723 4563 1848 4618 adversus
1865 4567 1892 4616 te

236 4629 298 4680 ‘bus
311 4627 396 4682 solve'
413 4627 523 4682 iudicati
537 4627 669 4682 uodonem
681 4643 778 4696 parere
791 4645 846 4682 uon
860 4633 957 4698 potest,
976 4647 1036 4684 cum
1085 4629 1151 4684 nihil
1169 4645 1250 4700 super
1266 4631 1318 4686 hac
1332 4631 1434 4698 statuit,
1451 4635 1541 4686 rector
1555 4631 1641 4686 aditus
1657 4629 1810 4702 provinciae
1826 4647 1891 4684 cau·

235 4695 309 4764 apud
329 4693 432 4752 iudices
451 4695 489 4752 ita
506 4695 610 4752 demum
628 4695 685 4750 sine
703 4701 776 4752 certa
796 4697 946 4766 quantitate
962 4697 1035 4752 iacta
1085 4713 1143 4752 sam
1165 4697 1236 4756 banc
1259 4715 1419 4768 cognoscere
1436 4715 1538 4768 suaque
1556 4699 1677 4754 decidere
1694 4699 1825 4754 sententia
1843 4713 1889 4752 ou·

235 4863 266 4928 11)
282 4863 395 4916 Recitata
412 4865 516 4932 septimo
533 4865 642 4916 miliario
658 4865 686 4916 in
704 4881 768 4918 novo
786 4867 932 4918 consulario
948 4867 1037 4932 palatii
1086 4877 1143 4920 sunt
1158 4869 1183 4934 3,
1201 4879 1253 4932 1,.’λ
1276 4879 1300 4920 et
1322 4887 1386 4934 quae
1406 4871 1442 4920 ibi
1463 4869 1597 4920 tondantur
1663 4869 1695 4932 15)
1714 4871 1891 4936 inscriptionem

235 4931 376 4982 Iustiniani.
411 4933 435 4982 d.
452 4951 485 4986 111
501 4935 527 4986 k.
539 4935 603 4986 Nor.
621 4935 698 4986 Decio
714 4951 751 4986 vc.
770 4951 836 4986 eona.
854 4953 908 4998 sca,
927 4939 959 4998 cf.
969 4935 1036 4986 Zeir—
1087 4935 1183 4988 restt‘ttti
1199 4957 1227 4988 en
1247 4937 1338 5004 lepidus
1355 4939 1496 5004 iunpendr's:
1518 4939 1652 5004 inscripnio,
1670 4955 1740 5004 quam
1759 4935 1892 4990 Sexdibet

234 5001 321 5066 scdrt'fl
330 5001 380 5066 stit
395 5001 564 5068 Rechtspesclz.
583 5013 604 5054 11
621 5021 648 5070 p.
666 5013 706 5056 183
761 5005 794 5068 (a)
818 5023 837 5054 c.
855 5013 879 5056 13
898 5013 921 5056 ot
938 5013 963 5056 rt
984 5007 1036 5054 ian·
1087 5003 1164 5054 tone:
1182 5003 1255 5070 impr.
1271 5005 1425 5054 lastinianus
1442 5019 1464 5056 a.
1481 5003 1578 5056 iuliano
1595 5019 1646 5070 pp,
1657 5007 1768 5072 fortasse
1785 5023 1814 5056 cn·
1831 5025 1851 5056 c.
1864 5017 1890 5058 to

234 5069 327 5134 pendae
353 5067 464 5120 uidentur
544 5071 577 5137 (a)
605 5089 675 5136 quarn
698 5073 894 5138 subscriptionem
918 5073 990 5122 addit
1013 5071 1039 5122 P
1086 5071 1188 5136 repetito
1211 5083 1248 5124 est
1329 5073 1365 5136 (a)
1385 5097 1419 5118 =
1436 5073 1463 5124 Β
1482 5075 1505 5136 9,
1526 5085 1542 5136 1,
1561 5083 1599 5124 st:
1622 5075 1654 5136 cs.
1671 5073 1783 5140 Epitome
1808 5075 1890 5132 1111

235 5137 257 5188 d.
266 5151 304 5186 xc
321 5135 345 5186 k.
356 5133 407 5186 deo.
420 5133 544 5202 lampadio
559 5139 785 5190 othenesiensem.
801 5153 879 5190 eonas.
890 5139 933 5202 (=
942 5159 964 5190 o.
975 5141 1033 5202 111),
1085 5139 1119 5202 (t)
1136 5139 1228 5190 D.v1r1
1246 5139 1271 5190 k.
1282 5139 1330 5190 Iul.
1346 5139 1503 5192 Chalcedone
1515 5139 1653 5206 Lampadio
1670 5143 1695 5190 et
1711 5141 1796 5192 Oreste
1810 5157 1888 5192 conss.

235 5223 285 5256 cam
304 5207 348 5256 dae
365 5221 412 5256 non
426 5207 549 5268 pertinere
572 5209 776 5274 expraefectum
793 5207 961 5258 Demosthenis
978 5227 1034 5256 con·
1085 5209 1120 5270 (a.
1139 5215 1191 5272 ⁵30)
1210 5211 1273 5276 lepos
1292 5211 1427 5274 inapendae
1478 5209 1513 5274 (Β)
1532 5211 1558 5260 Β
1571 5211 1596 5270 9,
1609 5217 1628 5268 1,
1643 5219 1668 5262 81
1688 5225 1753 5274 seqq·
1805 5209 1841 5272 (9)
1854 5211 1891 5262 sie

233 5283 296 5324 ctat:
314 5277 381 5324 immo
399 5275 729 5336 sisaponensibus.
749 5285 824 5328 115111
843 5277 876 5324 ad
895 5275 1034 5326 Demosthe·
1085 5273 1121 5324 M
1133 5293 1185 5326 cum
1201 5277 1237 5340 Β,
1253 5275 1367 5340 petendis
1386 5277 1430 5328 GR
1518 5277 1564 5340 (th
1582 5275 1698 5340 acceptati
1715 5275 1781 5324 bona
1796 5275 1845 5328 fide
1862 5279 1889 5328 Β

234 5357 285 5392 nem
308 5339 484 5392 constitutiones
507 5343 588 5392 nullae
611 5361 735 5394 emanasse
756 5345 895 5408 videantur,
921 5343 961 5394 irie
983 5343 1034 5408 ipse
1084 5343 1127 5406 (11)
1144 5343 1172 5394 Β
1190 5347 1213 5408 9,
1232 5355 1251 5404 1,
1269 5353 1296 5394 81
1373 5343 1419 5406 (11)
1436 5343 1503 5408 quod
1521 5345 1549 5394 Β
1566 5345 1662 5408 (aaa),
1685 5343 1815 5406 bouqueti
1833 5347 1892 5396 libri

235 5409 286 5460 dies
308 5419 410 5476 propter
432 5425 452 5458 c.
471 5417 495 5458 13
518 5409 666 5472 supplendas
689 5421 736 5472 est,
764 5413 854 5460 trudito
879 5421 956 5460 autem
977 5415 1033 5460 sad·
1084 5411 1129 5472 (13)
1146 5409 1174 5460 Β
1191 5413 1215 5476 9,
1233 5423 1252 5476 1,
1270 5421 1299 5464 88
1316 5429 1380 5478 seqq.
1457 5415 1500 5478 (rt)
1522 5415 1558 5462 sic
1576 5411 1644 5472 ΡΒ,
1667 5411 1815 5476 1111111110,
1836 5427 1890 5462 cam

233 5477 486 5544 scriptumscrituin
503 5485 538 5526 ost
556 5477 591 5524 nd
606 5495 626 5526 ο.
645 5489 668 5528 16
725 5479 759 5542 (1)
777 5481 912 5544 t'unpenclce
922 5479 1034 5544 fhrtnsse
1083 5491 1135 5526 rem
1151 5475 1189 5526 P*

546 5595 772 5608 ——---*...--—m·--......

234 5613 388 5620 -n--n-—m
727 5613 1516 5622 *manuum—affl*
1794 5613 1887 5622 --ι--ι-

241 5743 246 5754 Ι
269 5673 401 5754 Χ11Χ1111Ι
418 5673 458 5754 ib
485 5673 560 5728 tuen
589 5673 620 5750 Α,
645 5671 753 5752 Iuliano
776 5693 825 5756 pp.
877 5677 1037 5756 Constitutio
1087 5691 1185 5730 rursus
1210 5677 1245 5732 de
1270 5675 1383 5754 reliquis
1411 5691 1542 5748 quaerat
1556 5679 1592 5744 et
1612 5691 1710 5754 rursus
1730 5679 1888 5754 renuntiem

236 5741 316 5808 audet,
341 5759 363 5796 st
381 5743 437 5796 lens
454 5741 538 5796 multa
556 5745 648 5810 captio
665 5751 727 5808 sont,
746 5745 858 5800 traducem
879 5745 912 5800 dc
929 5745 1036 5818 quobus·
1088 5757 1157 5812 quoe
1181 5747 1205 5798 ei
1222 5745 1362 5816 placuerat
1379 5745 1526 5816 proferre,
1552 5755 1602 5796 noo
1625 5757 1684 5814 oopt
1707 5761 1788 5800 unam
1808 5745 1889 5802 amul

236 5809 300 5864 dom
311 5811 469 5866 senteutiam
483 5809 646 5880 definitivam
656 5813 789 5880 profare
800 5829 885 5886 posse
895 5829 927 5868 aa
943 5811 1036 5868 drirtde
1087 5811 1121 5866 de
1138 5813 1260 5872 omnibus
1276 5811 1410 5886 capitibus
1425 5811 1584 5868 senteutiam
1596 5813 1802 5882 pronuntiare.¹
