4258 6258
245 359 304 424 VII
327 363 375 424 63.
399 359 438 420 64
1041 345 1103 422 326
1538 369 1676 430 canuno
1699 369 1899 416 provocans

921 445 1221 460 ...mmm-...-

246 559 279 596 ne
293 539 580 659 ingemgscatfimortuae
595 551 693 658 causbm
707 535 880 606 dispendium,
897 539 944 594 sed
956 543 1048 594 nocuo
1430 543 1571 606 LXIIII.¹¹

262 609 359 662 audeat
395 619 442 660 ene
454 605 516 672 cio,
541 621 601 658 cum
619 621 653 658 no
673 603 696 660 is
715 605 848 672 cognitum
866 605 901 660 sit
918 607 997 664 etiam
1015 623 1048 662 ex

245 627 335 730 {more
360 671 453 728 calculi
477 671 578 726 dierum
602 687 679 738 quem
702 673 824 726 *officium
849 675 943 728 habuit
969 691 1048 746 saepe
1148 641 1284 700 QUANDO
1302 641 1503 692 PROVOOARE
1520 643 1673 694 NECESSE
1691 643 1761 692 NON
1779 643 1848 692 Μ’

247 759 303 798 csse
322 755 417 798 causas
434 741 613 860 periclitatas:
635 741 705 808 quod
722 741 750 794 in
767 747 903 810 posterum
920 759 975 798 non
991 743 1048 798 fieri
1133 741 1146 798 1
1169 739 1237 812 Imp.
1253 741 1411 796 Alexander
1424 743 1455 796 A.
1470 741 1643 822 Apollinario
1662 749 1689 798 et
1705 741 1773 796 ollis,
1803 741 1899 794 Datum

250 813 282 864 ld
314 827 346 864 ex
362 823 434 864 reme
453 809 478 862 ic
496 807 560 876 legis
578 811 727 876 praesentis
743 811 903 878 sperandum
919 819 966 864 est
992 813 1047 868 Εο-
1097 811 1255 864 sententiam
1272 809 1367 876 dicitis,
1389 825 1467 878 quam
1484 809 1545 864 1dco
1562 811 1630 864 vires
1649 827 1701 864 uon
1720 811 1818 864 babere
1837 825 1899 864 cou-

247 881 305 934 dem
328 877 456 932 beneficio
480 883 507 930 et
529 877 556 930 in
580 877 638 930 aliis
660 879 782 930 omnibus
800 877 927 934 fatalibus
945 881 990 946 qui
1007 881 1048 936 vei
1097 877 1218 942 tenditis,
1241 877 1312 946 quod
1335 885 1428 932 contra
1450 893 1492 930 res
1513 877 1588 946 prius
1606 879 1749 946 iudicatas,
1769 879 1899 946 aquibus

245 963 261 1002 a
287 945 412 1016 pedaneis
438 945 570 998 iudicibus
587 945 628 1000 vei
650 945 684 1000 ab
707 945 780 1008 aliis,
806 961 872 1014 quos
898 947 969 1014 leges
992 951 1047 1002 suis
1097 949 1269 1016 provocatum
1286 963 1341 1000 nen
1358 951 1407 1010 est,
1426 947 1481 1000 lata
1499 947 1542 1000 sit.
1574 945 1649 1000 cuius
1664 951 1703 1002 rei
1716 947 1899 1014 probationem

245 1013 427 1072 sanctionibus
443 1021 669 1080 memoraverunt,
692 1013 863 1068 custodiendo
879 1019 942 1070 scu¹
957 1017 1047 1070 obser·
1097 1017 1120 1070 si
1136 1020 1287 1082 promptam
1304 1013 1409 1068 habetis
1419 1017 1447 1080 ¹²,
1472 1019 1499 1068 ct
1516 1015 1584 1068 citra
1600 1015 1798 1082 provocationis
1816 1011 1899 1068 adrni-

245 1083 343 1150 rando,
366 1087 396 1134 ut
419 1081 509 1134 decem
531 1081 627 1136 fatales
649 1097 697 1150 pro
719 1097 773 1134 uno
790 1083 888 1152 ubique
905 1083 1047 1138 instituan-
1096 1083 1213 1136 nicuium
1231 1083 1301 1150 quod
1318 1083 1356 1136 ita
1374 1083 1575 1152 pronuntiatum
1590 1089 1631 1134 est
1645 1083 1793 1138 sententiae
1805 1087 1899 1134 aucto·

246 1157 260 1206 ‘l
294 1157 345 1206 tur.
380 1149 411 1202 In
433 1149 474 1204 bis
492 1157 581 1204 autern
599 1151 720 1212 casibus,
744 1149 889 1218 inquibus
912 1153 1047 1206 biennium
1096 1153 1201 1206 ritatem
1216 1167 1269 1204 non
1285 1151 1425 1206 obtinebit.
1452 1149 1507 1204 PP.
1524 1165 1581 1202 vrri
1595 1149 1621 1202 a.
1635 1151 1722 1222 April.
1738 1151 1899 1206 Alexandro

246 1221 417 1274 constitutum
440 1221 493 1284 est,
518 1223 648 1287 quatenus
671 1233 745 1272 more
772 1219 995 1272 consultationum
1019 1221 1047 1274 in
1095 1221 1126 1272 A.
1146 1235 1218 1272 coms.
1299 1221 1300 1224 ’
1786 1223 1818 1282 [a.
1839 1221 1897 1280 222]

245 1289 315 1356 regia
336 1289 403 1342 urbe
425 1287 474 1340 sub
497 1285 630 1340 communi
647 1285 784 1338 audientia
800 1285 1047 1342 florentissimorum
1130 1283 1242 1342 2Idcm
1259 1287 1291 1340 A.
1312 1287 1445 1358 tbpitoai.
1482 1287 1521 1354 si,
1547 1301 1606 1340 cum
1628 1287 1699 1340 iuter
1720 1291 1746 1340 te
1770 1293 1797 1340 et
1813 1285 1899 1338 aviam

245 1357 330 1410 nostri
353 1353 447 1424 palatii
472 1369 613 1424 procerum
638 1353 810 1418 ventilentur,
838 1355 937 1410 biennii
962 1363 1046 1410 metas
1097 1355 1215 1410 deiuncti
1233 1357 1353 1422 quaestio
1372 1355 1404 1410 de
1422 1355 1589 1410 successione
1609 1359 1692 1420 esset,
1717 1357 1797 1408 iudex
1820 1355 1898 1408 datus

234 1425 322 1494 ,unius
338 1423 400 1476 anni
414 1423 532 1476 terminis
548 1427 707 1488 coartamus,
726 1427 756 1474 ut
770 1423 839 1476 intra
854 1437 915 1476 cum
930 1429 957 1478 et
971 1431 1047 1494 gesta
1095 1439 1111 1476 a
1125 1423 1248 1490 praeside
1263 1425 1414 1492 provinciae
1428 1423 1736 1492 pronuntiavitpotuisse
1745 1423 1898 1476 defunctum

245 1493 365 1560 colligere
389 1497 415 1546 ct
437 1507 468 1546 ea
485 1491 547 1542 viris
569 1491 670 1544 devotis
688 1491 878 1560 epistularibus
896 1491 1000 1546 tradere
1020 1499 1047 1546 et
1095 1495 1122 1546 ct
1139 1491 1265 1544 minorem
1283 1491 1497 1558 quattuordecim
1514 1491 1590 1546 aunis
1610 1497 1797 1546 testamentum
1810 1491 1899 1544 iacere

244 1559 413 1616 refutatorios
431 1559 546 1624 libellos,
569 1557 591 1610 si
609 1557 753 1622 voluerint,
773 1557 867 1614 offerre
885 1567 912 1614 et
929 1559 1000 1614 litam
1018 1561 1047 1614 in
1095 1575 1127 1614 ac
1152 1575 1200 1626 per
1223 1559 1274 1612 hoc
1298 1563 1383 1614 aviam
1405 1559 1536 1628 potiorem
1562 1575 1632 1624 esse,
1661 1559 1818 1614 seutentiam
1842 1559 1898 1614 eius

245 1645 348 1682 sacrum
370 1635 492 1684 nostrum
514 1627 700 1680 consistorium
717 1627 885 1682 introducere
903 1635 1044 1696 coganturr
1095 1635 1187 1680 contra
1218 1629 1273 1680 tam
1304 1629 1438 1682 manifesti
1464 1627 1530 1680 iuris
1557 1627 1669 1680 formam
1696 1629 1785 1682 datam
1812 1627 1898 1680 nullas

244 1697 309 1752 nulli
331 1695 436 1752 dcentia
459 1695 613 1764 deneganda
635 1695 756 1750 victrici2
779 1697 862 1764 parti,
886 1697 909 1750 si
926 1695 1047 1760 voluerit,
1094 1695 1194 1750 babere
1216 1695 1284 1748 vires
1308 1695 1395 1764 palam
1419 1701 1461 1750 est
1484 1701 1510 1750 et
1532 1695 1591 1750 ideo
1614 1697 1641 1748 iu
1667 1697 1716 1750 bac
1739 1697 1827 1764 specie
1848 1709 1898 1748 uec

244 1765 388 1818 secundum
402 1761 473 1830 quod
488 1761 540 1814 iam
557 1763 731 1816 constitutum
748 1767 813 1828 esti,
833 1769 859 1818 et
875 1767 1045 1834 praemature
1097 1769 1107 1818 1
1145 1763 1341 1832 provocationis
1366 1765 1494 1818 auxilium
1515 1765 1696 1818 necessarium
1719 1763 1778 1818 fuit.
1821 1761 1897 1830 arod

245 1839 258 1886 3
285 1847 393 1888 causam
407 1831 533 1884 inducere
547 1845 633 1900 neque
646 1831 736 1884 anuali
751 1833 837 1900 spatio
851 1835 998 1902 expectato.
1017 1833 1046 1886 Si
1094 1831 1130 1896 si,
1158 1847 1217 1884 cum
1242 1833 1275 1884 de
1292 1837 1380 1886 aetate
1398 1835 1581 1900 quaereretur,
1604 1833 1726 1900 implesse
1745 1833 1897 1886 defunctum

243 1909 329 1956 maren
352 1901 379 1954 iu
402 1913 480 1952 sacro
503 1903 594 1954 nostro
617 1899 774 1954 consistorio
795 1899 828 1954 lis
846 1901 983 1954 exordium
1001 1917 1044 1954 oe·
1094 1905 1218 1970 quartum
1242 1899 1372 1954 decimum
1397 1917 1495 1954 annum
1517 1917 1551 1954 ac
1569 1917 1618 1968 per
1640 1901 1692 1956 hoc
1715 1901 1772 1954 iure
1796 1899 1896 1954 iactum

243 1969 320 2038 perit,
338 1967 387 2022 etri
404 1983 458 2020 non
476 1965 557 2022 fuerit
572 1965 602 2020 in
619 1967 711 2022 eodem
728 1969 770 2022 die
788 1969 932 2036 complete,
956 1975 1044 2022 tamen
1094 1971 1281 2022 testamentum
1304 1969 1498 2036 pronuntiarit,
1521 1983 1572 2022 uec
1593 1971 1744 2038 provocasti
1767 1973 1814 2022 aut
1836 1973 1897 2036 post

243 2037 394 2106 perpetuari
409 2051 467 2088 eam
483 2035 660 2102 concedimus,
679 2052 738 2090 cum
753 2037 873 2104 iniquum
888 2037 924 2090 sit
935 2043 1045 2106 propter
1094 2037 1297 2106 appellationem
1314 2037 1449 2108 impletam
1467 2053 1550 2090 causa
1560 2037 1579 2070 ¹³
1598 2037 1731 2102 destitisti,
1754 2051 1810 2090 rem
1828 2035 1896 2088 iudi-

243 2105 429 2176 occupationes
445 2103 624 2158 florentissimi
642 2103 751 2166 ordinis,
771 2119 837 2172 quas
852 2105 924 2158 circa
936 2109 1044 2160 nostrae
1094 2109 1181 2160 catam
1197 2109 1344 2158 retractare
1361 2121 1415 2160 non
1433 2105 1521 2160 debes.

243 2173 348 2242 pictatis
365 2171 510 2226 ministeria
527 2173 624 2226 habere
641 2173 773 2238 noscitur,
797 2187 892 2226 causas
911 2173 1045 2228 bominum
1128 2169 1232 2244 3lmp.
1253 2173 1408 2232 Gordianus
1426 2173 1455 2226 A.
1477 2173 1608 2244 lupence.
1643 2175 1684 2240 Si,
1709 2179 1740 2226 ut
1760 2173 1896 2242 proponis,

244 2253 259 2296 4
299 2239 426 2310 deperire.
470 2239 539 2292 illud
566 2239 644 2292 etiam
670 2241 784 2294 merito⁴
809 2241 958 2296 addendum
984 2241 1045 2296 huic
1094 2257 1224 2308 suspensa
1247 2241 1320 2310 apud
1343 2241 1520 2310 amplissimos
1544 2241 1646 2296 iudices
1667 2243 1818 2310 cognitione
1835 2255 1896 2310 pro·

242 2309 294 2376 legi
311 2323 455 2372 censemus,
473 2311 505 2360 ut
522 2307 545 2362 si
563 2307 608 2376 qui
622 2307 699 2362 fatali
714 2309 756 2364 die
771 2311 844 2376 apud
859 2311 1044 2378 appellationis
1093 2309 1253 2376 vocatoris,
1277 2325 1357 2378 quarn
1381 2315 1407 2362 te
1426 2311 1460 2364 ob
1478 2311 1506 2364 id
1523 2311 1715 2378 interposuisse
1733 2311 1808 2374 dicis,
1827 2307 1897 2378 quod

242 2379 354 2432 indicem
377 2375 558 2442 introductus,
582 2377 636 2430 sire
659 2391 693 2430 ex
716 2393 769 2430 una
788 2385 864 2446 parte
883 2379 936 2432 sive
955 2379 1044 2448 cogni·
1094 2379 1200 2432 decurio
1224 2379 1377 2430 nominatus
1400 2393 1485 2442 esses,
1512 2379 1547 2432 ad
1570 2379 1764 2432 duumviratum
1787 2383 1897 2432 uocatus

242 2445 375 2502 tionaliter
406 2457 503 2498 causae
535 2445 723 2514 appellationis
755 2445 874 2514 imponat
899 2447 1044 2514 exordium,
1094 2463 1130 2514 es,
1148 2445 1317 2500 manifestum
1335 2451 1375 2500 est
1392 2445 1584 2514 praeiudicium
1602 2445 1709 2502 futurae
1724 2445 1826 2502 notioni
1842 2459 1896 2498 me·

242 2513 336 2568 deinde
360 2511 453 2568 relicta
479 2527 511 2568 ea
536 2511 656 2566 discedat
681 2517 708 2568 et
731 2513 761 2566 in
788 2515 888 2568 desidia
914 2516 1045 2582 rebquum
1092 2521 1254 2568 moratorum
1271 2513 1389 2568 iudicum
1406 2513 1464 2568 fieri
1481 2531 1533 2568 uon
1551 2515 1678 2584 potuisse.

242 2585 345 2652 tempus
359 2585 518 2650 permaneat
536 2585 562 2634 et
579 2581 675 2634 annale
692 2585 798 2652 tempus
815 2585 877 2650 post
893 2583 1045 2638 inchoatam
1127 2581 1146 2638 4
1165 2581 1207 2634 lm
1222 2597 1253 2652 p.
1275 2581 1437 2636 Valerianus
1454 2591 1481 2636 ct
1499 2581 1637 2638 Gallienus
1653 2583 1708 2638 AA.
1729 2589 1755 2640 et
1776 2583 1896 2638 Valeriu-

241 2651 314 2706 litem
329 2649 501 2718 praeterierit,
521 2649 620 2702 victore
638 2663 723 2718 neque
739 2651 896 2704 seutentiam
914 2651 948 2704 ad
966 2651 1044 2706 effac·
1093 2667 1144 2706 aas
1163 2599 1224 2704 noll
1244 2649 1270 2704 C.
1290 2649 1407 2704 Iuliano.
1445 2651 1510 2704 Cum
1533 2651 1704 2718 magistratus
1729 2653 1804 2706 datos
1828 2651 1895 2706 iudi·

181 2781 183 2788 ,
241 2725 297 2772 tum
314 2717 459 2788 perducere
476 2715 579 2772 salente
602 2725 711 2784 propter
732 2717 805 2772 litem
822 2719 875 2772 iam
893 2719 1044 2772 inchoatam
1093 2733 1137 2772 ces
1164 2723 1191 2772 et
1215 2733 1298 2770 unum
1325 2733 1356 2772 ex
1383 2719 1424 2772 bis
1451 2721 1638 2786 pronuntiasse
1667 2735 1815 2788 proponas,
1841 2735 1896 2772 nou

241 2801 327 2856 neque
349 2787 420 2840 iam⁵
443 2787 583 2838 terminum
602 2787 723 2854 accipere
739 2786 900 2854 inveniente,
918 2803 978 2842 cum
996 2803 1043 2856 ap·
1091 2787 1196 2840 videtur
1219 2787 1372 2854 appellandi
1388 2787 1534 2842 necessitas
1558 2787 1654 2856 trisse,
1680 2801 1740 2842 cum
1766 2787 1896 2842 sententia

241 2855 375 2924 pellatoris
398 2853 519 2906 absentia
542 2855 617 2906 sami
640 2853 712 2906 finiri
734 2871 789 2908 non
810 2855 890 2910 facile
913 2857 1044 2920 concedit,
1092 2857 1149 2910 iure
1166 2871 1219 2908 nou
1237 2861 1335 2910 teneat.

241 2921 393 2978 huiusmodi
413 2921 579 2988 iniquitatem
603 2925 772 2990 amputantes
790 2925 859 2988 (cum
877 2925 1044 2978 adversarius
1127 2921 1143 2980 5
1169 2921 1275 2994 imppp,
1306 2921 1393 2976 Carus
1420 2923 1535 2978 Curinus
1560 2931 1587 2978 et
1613 2925 1793 2980 Numerianus
1814 2925 1895 2976 ΑΑΑ.

240 2997 329 3060 potest
351 2993 379 3044 et
401 2989 506 3042 minime
529 2997 670 3058 praesente
693 2991 858 3060 appellatore
878 2991 950 3046 litem
968 3007 1043 3046 exer·
1093 2991 1256 3048 Domitiano.
1293 2991 1374 3046 Certa
1390 2991 1494 3046 ratione
1515 2997 1542 3046 et
1559 2991 1613 3046 fine
1628 2993 1742 3046 multare
1759 2991 1895 3060 praesides

242 3075 315 3126 cera,
341 3057 403 3128 quia
429 3057 480 3110 hoc
508 3057 624 3126 speciale
647 3059 811 3126 privilegium
834 3061 891 3114 eius
918 3065 971 3124 est,
998 3061 1044 3128 qui
1093 3063 1213 3132 possunt.
1258 3058 1329 3128 quod
1355 3059 1378 3114 si
1405 3059 1482 3114 aliter
1508 3063 1536 3114 et
1559 3063 1652 3114 contra
1675 3059 1739 3126 legis
1766 3063 1896 3114 statutum

240 3125 411 3196 appellationi
433 3125 622 3180 examinandae
645 3129 793 3194 praesidet,
817 3143 897 3196 posse
915 3129 966 3182 exi
989 3145 1044 3182 una
1092 3127 1198 3182 modum
1215 3129 1368 3196 provinciae
1385 3143 1492 3196 praeses
1510 3129 1621 3180 multam
1635 3129 1709 3184 vobis
1728 3129 1895 3196 irrogaverit,

239 3201 315 3264 parte
333 3209 441 3250 causam
458 3193 607 3258 dirimereil
630 3195 752 3248 iubemus
766 3197 877 3250 eundem
895 3195 1042 3264 appellato·
1094 3195 1201 3250 dubium
1218 3211 1272 3250 non
1290 3195 1383 3264 estid,
1405 3195 1475 3262 quod
1494 3203 1587 3250 contra
1605 3195 1645 3250 ius
1663 3207 1765 3264 gestum
1783 3195 1894 3258 videtur,

240 3279 307 3330 rem,
329 3263 381 3318 nisi
398 3261 576 3316 observaverit
595 3263 720 3318 iudicium
740 3269 765 3318 et
783 3279 891 3318 causam
907 3279 991 3332 usque
1009 3263 1043 3318 ad
1091 3263 1242 3318 firmitatem
1272 3279 1326 3318 nou
1356 3269 1448 3318 tenere
1478 3267 1505 3318 et
1530 3265 1587 3318 siue
1613 3265 1791 3334 appellatione
1815 3279 1895 3332 posse

239 3331 318 3394 finem
342 3329 486 3400 peregerit,
517 3329 563 3384 sed
590 3345 637 3398 per
664 3345 723 3384 eum
755 3333 870 3398 steterit,
903 3333 1042 3390 uuominus
1092 3331 1214 3386 rescindi.
1241 3329 1298 3386 PP.
1313 3333 1348 3384 id.
1361 3331 1420 3386 lua.
1438 3331 1506 3386 Caro
1525 3339 1553 3386 ct
1567 3331 1665 3386 Carino
1679 3349 1764 3386 comas.
1790 3335 1893 3396 [adit]

240 3399 327 3454 omnia
348 3399 402 3452 litis
425 3397 570 3454 certamina
593 3399 767 3466 impleantur,
797 3393 972 3468 appellatione
997 3401 1041 3454 de·
1127 3397 1238 3456 (iidem
1255 3399 1335 3452 ΑΑΑ.
1361 3399 1501 3454 Germano.
1545 3399 1610 3452 dum
1633 3417 1686 3454 uon
1710 3417 1740 3454 eo
1763 3399 1816 3464 die,
1842 3415 1894 3468 quo

239 3466 359 3522 fraudari
391 3471 417 3518 et
447 3465 603 3518 senteutiam
631 3471 723 3520 contra
749 3483 807 3522 eum
833 3469 913 3520 latam
938 3467 974 3522 in,
994 3483 1042 3522 suo
1091 3481 1199 3538 praeses
1215 3467 1368 3534 provinciae
1385 3469 1533 3536 praecepit,
1558 3467 1638 3522 iudex
1655 3471 1689 3522 ab
1707 3469 1797 3522 eodem
1815 3467 1894 3522 datus

239 3537 335 3590 robore
350 3533 447 3588 durare
461 3537 489 3586 et
502 3533 537 3586 ad
550 3531 673 3588 effectum
684 3535 803 3602 perduci,
818 3541 953 3604 tamquam
967 3537 990 3590 si
1007 3537 1041 3588 ab
1091 3535 1308 3604 pronuntiaverit,
1333 3535 1380 3588 sed
1404 3535 1491 3590 ductis
1515 3537 1608 3590 diebus
1632 3537 1757 3590 alieniore
1774 3543 1894 3604 tempore

239 3603 313 3658 initio
326 3601 433 3654 minime
447 3601 528 3654 fuerit
543 3605 731 3672 provocatum:
750 3603 802 3656 nisi
818 3603 876 3672 ipse
893 3603 1042 3672 appellator
1091 3603 1248 3660 sententiam
1265 3603 1371 3658 dedisse
1387 3611 1566 3672 proponatur,
1590 3619 1623 3658 ne
1648 3605 1771 3672 ambages
1793 3605 1895 3658 frustra

239 3669 430 3726 evidentissime
452 3669 656 3736 probationibus
678 3671 763 3738 possit
781 3671 920 3726 ostendere
937 3687 965 3726 se
983 3673 1041 3740 qni·
1090 3671 1261 3738 interpositae
1279 3671 1477 3738 provocationis
1499 3673 1609 3726 ulterius
1631 3675 1765 3740 negotium
1788 3679 1893 3740 protra-

239 3741 298 3794 dem
320 3753 423 3792 summa
445 3753 496 3804 ope
518 3737 606 3792 nisum
623 3737 739 3792 voluisse
755 3739 830 3792 litem
847 3755 976 3808 exercere,
995 3755 1043 3808 per
1091 3741 1169 3804 bant,
1196 3753 1304 3806 praeses
1330 3739 1485 3808 provinciae
1507 3741 1690 3808 superstitiosa
1716 3741 1894 3810 appellatione

238 3807 354 3862 iudicem
368 3807 456 3860 autem
470 3805 576 3858 stetisse
589 3805 631 3858 vel
645 3807 724 3860 aliam
732 3807 921 3862 inexorabilem
935 3825 1041 3862 causam
1091 3809 1215 3862 submota
1232 3823 1264 3860 ex
1282 3807 1384 3876 integro
1401 3807 1471 3862 inter
1488 3823 1535 3862 vos
1553 3817 1702 3876 cognoscet.
1870 3819 1871 3822 ’

239 3877 416 3940 subsecutam,
434 3879 640 3942 propterquam
661 3873 713 3930 hoc
727 3873 816 3930 facere
830 3875 936 3930 minime
952 3875 1041 3932 valuit.
1126 3873 1142 3930 7
1166 3873 1246 3946 ¹⁴imp
1258 3893 1274 3928 r.
1299 3875 1487 3930 diocletianus
1508 3885 1536 3930 cr
1556 3875 1743 3930 Maximianus
1765 3879 1819 3930 AA.
1845 3875 1893 3930 m—

238 3951 302 3998 tunc
319 3941 415 3996 etenim
432 3939 504 3994 aaut
522 3941 547 3994 ei
563 3943 660 3996 annale
677 3947 782 4010 tempus
797 3943 969 4012 indulgemus,
989 3959 1040 4012 quo
1091 3959 1214 4014 cuqoruc.
1276 3945 1365 3996 enaics
1383 3945 1544 4010 sententias,
1568 3961 1637 4012 quae
1659 3945 1686 3996 iu
1709 3945 1893 3998 mercedema

239 4011 363 4066 effluente
380 4015 407 4062 et
423 4009 471 4062 lite
487 4011 593 4062 minime
609 4009 689 4064 finem
706 4011 854 4080 accipiente
869 4011 964 4068 cadere
982 4029 1041 4068 eum
1091 4011 1223 4078 corruptis
1241 4011 1372 4066 iudicibus
1390 4011 1571 4080 proferuntur,
1592 4019 1619 4066 et
1637 4013 1704 4066 citra
1721 4013 1893 4080 interpositae

240 4079 272 4134 dc
299 4077 473 4158 appellatorio
498 4077 630 4132 iuvamina
661 4077 838 4146 disponimus,
871 4095 930 4134 cum
957 4081 991 4134 sit
1017 4081 1041 4134 ci
1089 4077 1285 4148 provocationis
1309 4081 1436 4150 auxilium
1460 4081 1631 4148 iampridem
1649 4095 1665 4134 a
1683 4081 1748 4134 divis
1766 4081 1893 4148 principi·

239 4147 405 4218 apertissima
426 4143 542 4198 facultas
564 4151 591 4200 et
607 4151 726 4200 nostram
744 4147 816 4200 adire
833 4149 997 4202 maiestatem
1015 4155 1041 4202 et
1091 4149 1140 4200 bus
1157 4147 1275 4200 infirmas
1294 4161 1353 4200 esse
1371 4149 1505 4202 decretum
1522 4155 1570 4202 est.
1607 4149 1662 4202 PP.
1681 4149 1707 4202 lr.
1725 4149 1809 4202 lam¹⁵
1826 4149 1893 4202 llic-

237 4215 390 4270 tarditatem
410 4213 507 4266 iudicis
530 4213 558 4266 in
582 4215 726 4282 querellam
748 4215 879 4270 deducere
902 4223 930 4270 et
948 4223 1039 4272 nostro
1089 4215 1205 4270 alatiano
1222 4217 1254 4270 A.
1273 4223 1300 4270 et
1315 4215 1471 4270 Aristobulo
1490 4233 1575 4270 conss.
1780 4221 1812 4280 [a.
1833 4219 1891 4278 285]

238 4289 252 4338 5
287 4281 415 4360 beneficio
433 4281 570 4350 perpotiri.
606 4281 655 4338 (lui
674 4289 879 4338 consentaneum
896 4289 949 4348 est,
966 4291 996 4338 ut
1013 4289 1041 4340 et
1124 4279 1236 4340 Sidam
1253 4285 1308 4338 AA.
1330 4281 1495 4338 Constantio.
1532 4285 1560 4338 Si
1577 4287 1654 4352 pater
1671 4290 1747 4346 tuus,
1772 4299 1830 4338 cum
1848 4283 1892 4338 de-

237 4353 265 4404 in
288 4349 424 4404 sententiis
449 4351 563 4402 omnium
594 4351 816 4418 amplissimorum
844 4353 1040 4420 praefectorum
1089 4353 1163 4406 curio
1188 4353 1331 4416 creareris,
1355 4367 1410 4406 non
1434 4353 1569 4406 consensit
1592 4357 1618 4404 et
1641 4353 1788 4420 quindecim
1807 4365 1892 4406 annos

237 4419 370 4488 practorio
395 4431 429 4470 cx
451 4417 538 4470 divino
561 4418 669 4472 oraculo
687 4419 863 4474 retractandis
881 4417 973 4476 eidem
991 4423 1038 4474 ob·
1088 4419 1184 4474 aetatis
1202 4419 1270 4486 agis,
1294 4419 1381 4474 aditus
1400 4435 1508 4488 praeses
1526 4419 1691 4488 provinciae,
1710 4419 1734 4474 si
1750 4419 1893 4476 inhabilem

237 4487 357 4552 serratio,
376 4499 442 4554 qnae
460 4485 630 4554 supradicta
647 4491 696 4550 est,
716 4493 780 4554 post
796 4487 943 4554 ingressum
960 4491 1039 4542 unius
1088 4495 1114 4542 te
1129 4485 1163 4540 ad
1178 4485 1328 4542 obeundum
1343 4487 1530 4542 decurionatus
1544 4489 1671 4542 honorem
1681 4501 1892 4556 esseperspexe-

236 4555 277 4608 vel
299 4555 438 4624 utriusque
460 4553 545 4620 partis
568 4557 623 4608 tam
646 4561 756 4622 propter
777 4555 924 4608 absentiam
947 4571 1039 4624 perso-
1088 4557 1131 4622 rit,
1150 4555 1254 4622 quando
1273 4557 1425 4610 huiusmodi
1442 4557 1524 4610 aetati
1544 4557 1622 4610 etiam
1639 4557 1826 4624 pmetermissa
1844 4571 1890 4624 ap*

238 4629 252 4676 t
278 4637 372 4676 narum
388 4637 468 4690 quam
485 4625 596 4690 propter
612 4627 714 4676 statuta
731 4629 850 4692 tempora
867 4629 963 4678 teneat.
992 4625 1038 4678 Sin
1087 4623 1232 4692 peilatione
1249 4623 1429 4690 subveniatur,
1448 4623 1566 4692 iniquam
1583 4623 1788 4678 nominationem
1805 4639 1890 4678 remo-

236 4695 324 4744 autem
347 4695 437 4758 partes
459 4689 529 4742 inter
547 4703 575 4742 se
593 4689 727 4758 scriptura
743 4691 933 4746 interveniente
951 4695 1038 4760 pacis·
1086 4691 1166 4746 vobit.

237 4757 347 4812 cendum
365 4771 423 4812 esse
440 4755 602 4812 credideriut
623 4757 722 4812 nemini
738 4759 810 4826 parti
825 4759 906 4814 licere
924 4761 959 4814 ad
975 4775 1038 4828 pro·
1121 4755 1238 4816 illatam
1260 4761 1317 4814 AA.
1341 4767 1368 4814 et
1391 4757 1437 4814 CC.
1461 4759 1570 4840 Rufino.
1613 4759 1767 4826 Veterauis,
1795 4761 1839 4828 qui
1864 4761 1893 4812 in

236 4825 380 4880 vocationis
406 4825 532 4878 auxilium
562 4829 701 4892 pervenire
726 4827 768 4880 vei
798 4827 882 4882 udum
911 4827 1038 4882 taracus
1086 4827 1189 4896 legione
1205 4827 1247 4882 vel
1263 4827 1433 4882 vexillatione
1454 4827 1599 4882 milrtantes
1621 4835 1684 4896 post
1700 4827 1827 4882 vicesima
1843 4829 1890 4882 sti·

236 4893 390 4958 observare,
414 4907 505 4946 eorum
526 4891 677 4960 pactionem
692 4893 796 4948 firmam
813 4911 872 4950 esse
890 4911 1036 4952 censemus.
1086 4893 1184 4966 pendia
1204 4895 1344 4950 honestam
1361 4897 1402 4952 vel
1421 4895 1569 4950 causariam
1586 4895 1737 4950 missionem
1755 4895 1892 4950 consecuti

235 4962 321 5030 legum
352 4959 450 5040 etenim
477 4959 660 5014 austeritatem
689 4963 717 5016 in
743 4963 795 5016 hoc
821 4979 886 5018 casu
916 4965 1038 5020 volumus
1086 4967 1161 5022 sunt,
1185 4979 1296 5018 onerum
1319 4971 1346 5018 et
1367 4979 1506 5018 munerum
1529 4965 1707 5032 personalium
1726 4965 1891 5020 vacationem

235 5029 322 5098 pactis
338 5027 496 5094 litigantium
513 5027 636 5094 mitigari.
671 5029 705 5082 ll.
721 5043 763 5082 εν
778 5029 804 5086 lr.
822 5031 911 5086 llcc.²0
930 5031 1037 5088 Cbulcc-
1086 5031 1275 5086 concessimus.
1310 5033 1392 5086 buius
1417 5037 1505 5086 autem
1529 5031 1707 5100 indulgentiae
1724 5037 1833 5086 nostrae
1850 5035 1890 5086 te-

236 5097 305 5152 doac
321 5093 404 5150 llario
422 5109 461 5148 cc.
479 5111 551 5150 cons.
923 5107 957 5166 [a.
977 5105 1035 5166 529]
1085 5115 1149 5154 nore
1166 5105 1367 5154 remunerantes
1382 5099 1462 5154 fidam
1478 5101 1644 5158 devotionem
1658 5099 1770 5154 militum
1784 5105 1889 5156 nostro·

1085 5183 1144 5220 rum
1161 5169 1241 5220 etiam
1256 5169 1419 5236 provocandi
1437 5167 1621 5222 necessitatem
1639 5169 1794 5222 remisimus.

1120 5233 1158 5292 10
1181 5235 1271 5306 ¹⁶Imp.
1284 5233 1454 5290 lustraturus
1470 5239 1500 5290 A.
1519 5235 1617 5290 Merrae
1628 5253 1678 5306 pp.
1715 5235 1823 5290 Omnem
1841 5235 1889 5288 ho·

1086 5319 1177 5358 uorem
1195 5303 1297 5358 salvum
1313 5303 1446 5358 indicibus
1464 5307 1643 5370 reservantes,
1667 5303 1689 5358 si
1712 5303 1817 5370 quaudo
1836 5317 1890 5356 una

1085 5385 1148 5440 pars
1172 5371 1249 5440 quasi
1269 5373 1343 5424 laesa
1365 5385 1413 5440 per
1436 5371 1710 5426 definitivamccrum
1730 5373 1890 5426 sententiam

235 5535 265 5598 (1)
281 5533 436 5588 custodiendi
449 5535 508 5586 sunt
522 5551 569 5584 scr.
620 5535 654 5600 (1)
667 5535 808 5590 scenicam
818 5541 853 5604 B,
872 5539 973 5592 victrice
988 5541 1035 5604 lli,
1086 5541 1398 5604 (incaementatum
1466 5541 1507 5604 (11)
1526 5541 1553 5592 Β
1568 5543 1591 5604 9,
1606 5551 1625 5602 1,
1640 5551 1679 5592 131
1692 5559 1758 5608 seqq.
1776 5571 1809 5580 -
1827 5545 1888 5610 Dip.

234 5603 407 5668 litigatricill
454 5607 486 5668 (3)
504 5603 535 5668 cs.
552 5601 713 5668 7,62,31,1.
733 5609 882 5670 716411θεῖ
933 5611 966 5674 (1)
983 5625 1033 5660 me·
1084 5611 1157 5668 49,8
1228 5613 1271 5672 (tr)
1289 5607 1413 5658 haberetis
1431 5609 1488 5660 libri
1553 5607 1599 5670 (ta)
1616 5609 1652 5658 sic
1672 5609 1698 5670 Ο,
1715 5607 1889 5676 appellationis

233 5673 282 5722 rito
303 5675 329 5736 c',
347 5691 390 5724 om.
407 5673 433 5722 R
488 5673 522 5736 (a)
539 5667 588 5718 iam
605 5669 639 5734 R,
656 5675 744 5724 omi)
795 5675 829 5740 (6)
847 5691 900 5724 eam
920 5677 946 5742 0,
964 5677 1034 5728 eald
1084 5675 1152 5744 impl.
1171 5679 1308 5726 ceusamR
1360 5679 1404 5740 (11)
1418 5679 1539 5744 iungenda
1553 5677 1647 5726 videtur
1661 5679 1683 5738 6,
1694 5689 1751 5736 aar
1802 5681 1887 5742 (15)]1.

235 5739 267 5806 (1)
286 5757 315 5790 ex
336 5741 363 5800 0,
383 5741 494 5790 etexit
563 5737 598 5803 (a)
614 5739 674 5800 quia
691 5741 738 5790 hcc
815 5743 930 5794 dirimere
948 5755 1032 5796 auter
1083 5743 1143 5806 iam]
1163 5747 1238 5804 6,31,
1257 5755 1383 5810 a‚csasp
1434 5745 1478 5808 (16)
1496 5745 1568 5808 icccc
1581 5745 1606 5806 l,
1621 5755 1657 5808 61,
1670 5757 1695 5798 at

234 5807 375 5860 huiusmodi
401 5809 502 5858 collocat
526 5807 657 5856 Mommsen
743 5811 777 5872 (9)
798 5813 834 5862 sic
860 5811 891 5874 0,
912 5811 987 5862 rame
1008 5811 1034 5862 R
