4250 6258
254 359 309 422 14

246 537 390 622 ἡμετέρους
420 535 554 594 ύποτελεῖς
583 533 789 608 ἀποβάλλεσθαι
821 539 1006 612 συγχωροῦμεν
1037 531 1055 602 ἢ

252 609 318 680 υπέρ
341 605 459 662 στάσεως
480 605 619 660 έντολέως·
638 601 696 658 ἀλλ’
716 607 740 658 ei
758 611 808 674 μέν
825 603 953 674 ἀκίνητον
969 605 1053 670 ἔχοιεν

253 673 347 730 niolae
368 673 514 748 ἀξιόχρεων
536 673 564 724 οἱ
584 669 812 742 ὑπομνησθέντες,
836 671 914 748 όρκου
932 691 1053 746 γραμμα-

251 749 323 798 τεῖον
341 743 504 796 ἐκτίθεσθαι
519 739 615 812 μόνον·
634 743 657 794 εἰ
675 741 705 794 δέ
720 741 768 796 oin
791 745 883 810 έχοιεν,
905 741 1053 806 τηνικαῦτα

251 815 301 880 μέν
318 809 413 884 ίγγύην
430 807 489 882 ἀχρι
506 813 552 876 τῆς
569 807 617 876 ἤδη
639 811 786 884 κρατούσης
803 809 951 872 ποσότητος
973 811 1052 878 παρέ·

255 885 284 932 12
317 899 381 944 χειν,
404 883 483 950 χωρίς
503 881 597 946 μέντοι
619 881 711 948 ζημίας
727 875 837 944 ἁπάσης.
862 875 897 926 Εἰ
911 871 1053 942 δὲάμφισ-

253 955 361 1022 βητοῖεν
386 953 414 1000 ct
444 943 590 1018 πράκτορες
611 953 672 1020 περὶ
692 951 738 1014 τῆς
755 947 813 998 τάν
830 947 966 1016 ἐγγυητῶν
983 943 1052 1004 ἀξια·

252 1019 359 1068 πιστίσς
380 1007 396 1078 ἢ
415 1013 459 1080 τῆς
476 1011 628 1082 διωμοσίας,
653 1019 727 1088 κοινῇ
750 1009 891 1064 συνιόντας
911 1013 948 1064 εἰς
969 1007 1052 1064 cairi

252 1081 302 1134 τόν
318 1079 530 1150 θεοφιλέστατον
548 1083 695 1138 ἐπίσκοπον
712 1077 762 1136 τόν
779 1099 808 1130 τε
826 1085 930 1154 πατέρα
953 1077 1002 1132 τόν
1023 1099 1053 1132 τε

252 1145 357 1202 ἔκδικον
377 1151 423 1216 τῆς
445 1145 548 1202 πόλεως
563 1157 663 1220 κρίνειν
680 1149 729 1202 τόν
753 1141 910 1210 ἀξιόπιστον
928 1145 1053 1218 φαινόμε-

252 1237 301 1268 νον
323 1215 453 1288 ἐγγυητὴν
475 1217 540 1290 πρός
562 1221 612 1304 την
635 1221 680 1286 τῆς
697 1217 831 1288 έναγωγῆς
854 1211 992 1280 ποσότητα
1010 1219 1053 1268 καί

252 1281 369 1356 ἀνάγκην
386 1287 456 1350 ἔχειν
471 1285 520 1340 τόν
536 1305 675 1358 πρακτορα
692 1283 820 1348 δέχεσθαι
842 1285 939 1334 τοῦτον
957 1279 1053 1354 έγγυεό-

251 1373 340 1420 μενον,
358 1351 442 1418 μηδέν
458 1351 632 1424 κομιζόμενον
651 1349 718 1422 ὑπὲρ
742 1353 894 1424 έγγυητικοό
915 1345 932 1418 ἢ
955 1351 1053 1418 ἐξωμο-

254 1427 283 1474 13
318 1427 383 1472 σίας.
423 1421 497 1488 Πλὴν
520 1423 543 1474 εἰ
563 1421 600 1490 μὴ
622 1421 651 1482 ἐξ
674 1417 756 1486 ἰδικόγς
777 1415 855 1488 ἡμῶν
872 1439 888 1484 η
907 1437 979 1472 τινος
995 1421 1053 1472 τῶν

252 1493 386 1560 ιιεγίστων
402 1485 542 1562 ἀρχόντων
558 1483 729 1556 προστάξεως
749 1485 905 1554 κελευσθείη
923 1485 954 1538 τό
971 1481 1053 1558 πρόσ-

252 1575 329 1610 ωπον
346 1553 461 1628 ἀγαγεῖν,
479 1559 592 1630 έγγυητῇ
608 1553 645 1622 μὴ
660 1553 888 1608 καταπιστεύσας·
907 1557 1053 1622 τηνικαῦτα

251 1623 300 1696 γάρ
324 1621 399 1678 ἀδεια
425 1627 502 1678 ἔσται
527 1625 567 1688 τῷ
593 1619 724 1696 πράκτορι
746 1623 875 1694 ἐγγυητὴν
891 1623 929 1708 μὴ
951 1625 1052 1692 κομίζε-

252 1693 320 1744 σθαι
345 1697 389 1744 nat
415 1695 493 1746 τοῦτο
513 1697 606 1760 μέντοι
630 1687 760 1764 πράττειν
782 1697 862 1764 χωρὶς
883 1687 987 1756 απάσης
1010 1695 1053 1756 ζη-

254 1765 283 1814 14
320 1767 390 1830 μίας.
428 1757 582 1824 Κάνταῦθα
604 1763 663 1812 τεόν
686 1755 777 1812 abacia
798 1757 973 1832 κρατούντων
996 1763 1052 1814 έπι-

251 1835 349 1896 τιμίων
374 1823 442 1880 κατά
467 1847 497 1880 τε
527 1829 574 1880 τοῦ
600 1823 812 1898 θεοφιλεστάτου
837 1823 982 1882 ἐπισκόπου
1008 1829 1053 1878 καὶ

251 1899 297 1948 roi
324 1891 510 1968 λαμπροτάτου
532 1895 577 1962 τῆς
600 1897 727 1968 ἐπαρχίας
744 1891 884 1968 ἄρχοντος,
905 1895 932 1948 εἴ
950 1913 977 1946 τι
994 1889 1052 1946 τού-

251 1985 308 2018 των
330 1965 527 2036 παραβαθῆναι
556 1961 755 2036 συγχωρήσειεν
775 1961 792 2030 ἢ
818 1967 1053 2036 παραβαινομένου

253 2037 282 2086 15
301 2035 334 2096 (ll
370 2029 441 2084 τινὸς
457 2031 494 2100 μὴ
511 2033 618 2084 θάττον
634 2033 721 2084 ταῦτα
737 2027 893 2102 μηνύσειεν.
937 2027 1053 2096 ιΔηλαδὴ

250 2099 286 2168 μὴ
311 2095 520 2172 συγχωρούντων
546 2095 644 2156 αότιόνΙ
662 2115 682 2168 μ
701 2097 747 2152 δέν
770 2099 852 2154 πλέον
873 2119 900 2152 τι
921 2099 968 2152 τοῦ
992 2097 1053 2150 διω-

251 2171 375 2252 ρισμένου
390 2171 488 2238 μέτρου
504 2171 538 2240 τῇ
555 2163 669 2240 ἡμετέρᾳ
682 2119 807 2230 διατάξει
824 2165 955 2240 προφάσει
973 2183 1053 2238 σπορ-

250 2233 354 2288 τουλων
379 2237 539 2304 κομίζεσθαι
567 2233 636 2304 μηδέ
661 2233 813 2310 διαγραφὴν
839 2237 867 2300 ἐξ
892 2231 1054 2300 οἱασδὴποτε

251 2305 336 2356 αἰτίας
353 2305 383 2356 έν
399 2309 456 2356 ταῖς
473 2301 584 2358 πόλεσιν
601 2303 630 2366 ἐξ
652 2301 766 2386 ἀνάγκης
785 2305 921 2378 γίνεσθαι,
944 2301 1015 2368 πλὴν
1037 2297 1053 2368 ἢ

249 2369 332 2438 μόνον
354 2373 464 2426 ἐκείνων
485 2375 544 2426 τῶν
561 2373 664 2436 αἰτιῶν,
689 2371 737 2424 όις2
760 2379 822 2446 περὶ
839 2371 885 2426 τάς
902 2375 1054 2444 ἐμφανίσας

250 2441 306 2492 τεόν
324 2441 492 2512 προαγωγῶν
509 2443 553 2492 nai
571 2441 628 2492 τῶν
646 2435 796 2504 διατάξεων
813 2447 858 2492 καὶ
875 2441 962 2494 θείων
980 2435 996 2506 ἢ
1012 2459 1053 2512 γε·

250 2509 334 2560 νικιόν
358 2513 590 2582 κομμωνιτωρίων
613 2503 630 2574 ἢ
656 2507 752 2574 τύπων
779 2505 795 2576 ἢ
820 2505 987 2582 γραμμάτων
1009 2511 1053 2558 καὶ

250 2579 307 2628 τῶν
323 2575 456 2628 τοιούτων.
473 2571 611 2640 ἁπάντων,
633 2579 695 2648 περὶ
714 2577 754 2630 ιόν
772 2579 802 2630 ἐν
818 2581 873 2630 τοῖς
896 2575 1053 2646 ἔμπροσθεν

251 2639 486 2716 ἐνομοθετήσαμεν
512 2647 555 2696 καὶ
581 2637 650 2714 άπερ
676 2639 710 2696 ἀν
734 2641 804 2716 ὑπὲρ
831 2641 900 2696 ἰδίας
926 2641 1054 2714 ὠφελείας

249 2715 294 2762 nat
311 2717 442 2784 σωτηρίας
459 2709 486 2764 οἱ
500 2713 546 2778 τῆς
563 2709 666 2766 πόλεως
684 2711 846 2794 ρίουληθεῖεν
864 2713 900 2764 εἰς
923 2713 988 2786 ἔργα
1004 2729 1052 2764 πο-

250 2777 336 2832 λιτικὰ
351 2778 431 2846 τυχόν
447 2775 464 2846 ἢ
481 2781 516 2832 εἷς
533 2785 666 2834 σιτωνίαν
682 2801 699 2846 η
716 2781 752 2832 είς
775 2779 870 2852 ἑτέραν
889 2779 1053 2848 ἀρέσκουσαν

249 2843 350 2900 ἅπασιν
374 2849 464 2900 αἰτίαν
486 2845 555 2900 κατά
579 2845 668 2918 φιλοτι
690 2853 735 2900 ίαν
758 2847 938 2914 ποιήσασθαι,
961 2849 990 2910 ἐξ
1013 2845 1053 2898 ὠν

249 2913 280 2968 τό
298 2913 387 2968 κοινόν
407 2917 453 2984 τῆς
474 2915 576 2970 πόλεως
599 2911 657 2986 ιόφε
673 2911 819 2984 ηθήσεται·
844 2915 1053 2986 φυλαττομένων

249 2981 316 3036 κατὰ
338 2985 396 3036 τῶν
417 2989 597 3056 παραβαίνειν
619 2985 707 3036 ταῦτα
724 2983 934 3056 ἐπιχειρούντων
954 2981 1053 3050 καὶμὴ

248 3053 285 3104 είς
301 3047 366 3120 ἡμᾶς
383 3049 506 3124 ἀγόντων
518 3049 740 3122 θεοφιλεστάτων
753 3049 910 3106 ἐπισκόπων
927 3053 986 3104 τῶν
1003 3047 1053 3118 ἤδη

252 3123 282 3174 16
299 3123 336 3184 (81
369 3115 435 3188 παρ’
455 3117 533 3188 ἡμῶν
548 3115 742 3190 ἠπειλημίνων.
776 3123 825 3170 Δεῖ
845 3117 876 3172 δέ
892 3119 941 3174 τὸν
959 3119 1053 3190 θεοφι-

249 3185 378 3240 λέστατον
408 3191 556 3242 ἐπίσκοπον
588 3185 697 3254 ἑκάστης
728 3185 831 3242 πόλεως
858 3185 949 3242 πάντα
974 3185 1053 3248 νινιό-

250 3273 348 3308 σκοντα
365 3253 399 3308 τά
416 3251 481 3328 παρ’
500 3251 578 3326 ἡμῶν
594 3257 640 3310 ἐπὶ
662 3253 766 3308 τούτοις
790 3253 987 3328 διατεταγμένα
1008 3257 1053 3308 καί

248 3323 281 3392 pt*
318 3325 381 3376 καί3
398 3319 597 3398 άπαργυρισμοῦ
614 3321 744 3392 μητάτων
765 3329 810 3376 καί
831 3323 971 3376 κωλύσεως
986 3323 1053 3392 ἀφο-

249 3411 270 3446 π
297 3393 374 3458 σμῶν
395 3395 439 3444 καὶ
461 3391 576 3455 τούτων,
598 3387 651 3444 όσα
673 3395 823 3464 περιέχεται
839 3395 874 3464 τῇ
892 3393 959 3458 θεία
976 3387 1053 3460 ἡμῶν

250 3455 385 3522 διαιάξει’1
408 3461 441 3532 τῇ
464 3465 525 3534 περὶ
542 3455 648 3512 τούτων
665 3463 695 3514 ἐν
712 3461 795 3528 κοινῷ
812 3479 915 3534 γεγραμ
945 3465 990 3532 ’6,
1007 3465 1053 3514 πέ-

249 3545 297 3600 ρσε
321 3529 476 3580 ἐπιτιθέναι
502 3529 645 3602 προσῆκον.
685 3527 718 3584 D.
748 3539 806 3582 arte
824 3527 850 3582 lt.
870 3527 923 3584 la.
945 3527 1053 3584 Clealee-

250 3595 319 3650 done
335 3595 486 3668 Lampadio
503 3605 535 3668 είΙ
549 3593 642 3650 Oreste
658 3615 696 3652 aa.
716 3613 753 3650 ec.
773 3613 858 3650 conss.
934 3597 971 3668 [a.
991 3593 1051 3664 530]

283 3659 321 3718 27
341 3661 427 3718 5Ιιίεσι
444 3665 475 3718 Α.
494 3663 603 3718 iuliano
617 3681 666 3734 pp.
707 3665 749 3718 De
773 3665 951 3718 creationibus
975 3679 1052 3720 cura-

248 3737 347 3798 torum,
372 3731 416 3800 qui
439 3731 546 3788 furiosis
563 3731 702 3800 utriusque
719 3749 799 3788 sexus
817 3731 922 3798 dantur,
944 3747 1053 3788 necasse

248 3799 324 3854 uobis
341 3801 425 3854 visum
443 3807 483 3854 est
500 3799 675 3866 constituere,
699 3799 920 3868 quemadmodum
943 3815 987 3862 eas
1009 3815 1052 3854 ce-

251 3873 261 3920 1
297 3867 395 3922 lebrari
416 3873 528 3938 oportet.
568 3867 649 3924 Etsi
672 3869 778 3938 quidem
797 3875 876 3938 pater
903 3875 1053 3924 curatorem

251 3983 447 3992 -.-....-.-.,,,.,,-,..Ι

248 4037 278 4104 (ι)
298 4045 309 4098 t
329 4049 353 4090 ις
374 4063 409 4082 =
424 4051 458 4104 n,
476 4049 514 4104 es,
533 4051 546 4092 τ
624 4039 656 4100 tm
674 4039 733 4090 τῶν
751 4039 849 4090 κιτιῶν
865 4041 924 4092 τῶν
941 4043 1052 4094 Hercter

249 4107 281 4168 ts)
299 4109 364 4176 περί
379 4109 423 4158 ins.
486 4111 640 4172 tunnam
701 4111 732 4172 (s)
749 4121 882 4172 επιστ
947 4113 981 4176 (e)
1001 4109 1052 4160 edi-

247 4175 287 4224 oai
308 4175 323 4226 l.
344 4193 403 4240 pem.
489 4177 522 4240 (t)
544 4179 570 4226 et
591 4177 636 4226 ius.
662 4177 677 4226 l.
698 4195 759 4244 pom.
845 4179 879 4242 (8)
896 4203 930 4222 ω
947 4191 968 4242 5,
986 4189 1006 4240 4,
1024 4187 1050 4230 25

248 4243 281 4306 [9)
299 4259 360 4306 pers.
379 4259 453 4306 quam
469 4243 534 4294 morl.
571 4241 607 4292 1³⁶
625 4261 677 4294 cura
695 4247 709 4294 ί.
728 4263 789 4310 pern.
808 4255 831 4296 et
849 4247 959 4310 Graecis,
977 4261 1051 4310 quam

245 4459 331 4562 pupae
338 4449 489 4514 praetentu
507 4441 692 4514 fideiussionis
709 4443 845 4498 subiectos
859 4445 936 4500 nobis
950 4441 1048 4498 τίσατο

301 4511 326 4564 ci
337 4511 461 4582 patimur
478 4511 521 4566 ael
530 4517 650 4592 propter
661 4511 857 4634 procuratoris
879 4511 1049 4566 constitutio-

245 4595 318 4632 nem:
339 4577 387 4634 secl
407 4579 432 4634 si
454 4577 561 4650 puidam
581 4595 662 4634 nmmo
680 4579 729 4634 iles
751 4597 796 4634 res
812 4579 925 4634 idoneas
941 4579 1048 4646 babent,

245 4647 292 4714 qni
315 4647 447 4712 citamur,
468 4647 656 4702 indurandum
676 4649 764 4702 solum
785 4649 816 4702 in
836 4649 946 4720 scriptis
962 4663 1049 4720 onpo-

245 4719 326 4790 nant:
347 4715 372 4768 st
393 4715 495 4780 minus,
521 4721 576 4770 tunt
587 4715 791 4794 fideiussionem
808 4733 893 4786 usque
911 4715 947 4770 od
962 4731 1049 4786 quaa·

246 4785 348 4844 tttatem
373 4781 474 4838 dadum
504 4787 679 4838 constitutam
699 4783 867 4854 praebeant,
902 4783 960 4838 ane
990 4781 1048 4838 ullo

249 4853 277 4926 12
308 4853 395 4904 tamen
412 4849 587 4906 incommodo.
614 4849 647 4906 Si
664 4867 726 4906 nero
745 4859 919 4906 exsecutores
935 4851 968 4906 de
981 4851 1049 4922 fide·

244 4931 379 4970 iussorum
401 4919 545 4974 securitate
567 4919 609 4974 uel
632 4919 666 4974 ele
686 4919 824 4972 iuratorio
850 4919 975 4974 cannono
1001 4917 1049 4974 du-

245 4983 315 5036 bium
332 4991 469 5050 moueant,
491 4987 653 5042 conueniant
668 4985 888 5058 relipiosisstmus
903 4987 994 5060 episeo
1015 5003 1048 5042 ns

245 5057 272 5106 et
282 5057 366 5122 pater
383 5057 409 5104 et
425 5051 554 5122 defensor
570 5055 687 5110 ciuitatis
704 5059 732 5110 et
753 5053 881 5120 iudicent,
902 5069 966 5108 nam
1003 5053 1047 5108 de·

244 5121 334 5174 lassor
359 5117 397 5172 ad
420 5123 597 5188 quantitatem
628 5123 744 5178 σιτίοισι
773 5121 888 5176 idoneus
912 5123 960 5188 sit,
992 5139 1047 5194 quo

242 5189 321 5258 sacto
338 5189 493 5242 exsecutori
509 5205 615 5244 necesse
632 5191 670 5246 sit
685 5207 745 5246 eum
760 5189 948 5260 fideiussorem
964 5189 1047 5244 smot-

241 5273 321 5326 pere,
348 5271 432 5324 nepae
458 5255 602 5326 quiequam
622 5275 679 5330 pro
702 5257 878 5328 fideiussione
903 5263 953 5312 aut
976 5257 1047 5312 iure·

246 5327 277 5378 13
310 5321 427 5378 iurando
445 5321 546 5394 enipat.
581 5321 708 5396 Excepto
726 5341 759 5380 eo
777 5343 852 5390 casu,
869 5343 923 5396 pao
938 5343 975 5380 ex
989 5341 1048 5398 spe-

245 5391 309 5444 ciali
329 5397 424 5444 nostra
446 5389 489 5446 nel
509 5405 673 5446 summorum
700 5393 908 5466 mapistrataum
930 5393 1050 5450 insanae·

244 5459 334 5514 iussus
356 5465 398 5514 est
411 5473 561 5530 paronam
583 5455 728 5528 abducere,
751 5461 777 5516 si
796 5461 953 5530 fideiussori
966 5463 1047 5532 fidem

245 5543 300 5582 non
317 5525 426 5582 iubeat:
445 5533 498 5582 tum
515 5525 684 5582 enimticebit
695 5531 852 5584 exsecutori
860 5529 1046 5600 fideiussorem

244 5611 299 5650 non
320 5595 468 5666 suscepere,
491 5595 540 5650 sed
556 5599 582 5650 et
599 5591 649 5648 boe
666 5597 774 5664 quidem
790 5597 849 5654 sine
865 5597 921 5652 ullo
939 5597 1045 5654 damno.

246 5667 276 5714 14
295 5661 387 5716 Etiam
400 5663 429 5716 in
443 5661 486 5718 bis
499 5661 606 5720 eaedem
614 5677 724 5734 poenae
738 5663 1045 5738 adoarusreltpiosissi-

244 5745 315 5782 mam
332 5729 486 5810 episcopam
503 5737 530 5786 et
546 5729 723 5786 clarissimum
735 5733 897 5800 procinctae
913 5743 1045 5788 rectorem

245 5795 372 5864 obtinent,
394 5815 417 5852 st
440 5799 506 5870 quid
521 5815 613 5856 eorum
630 5797 729 5854 uiolari
738 5799 917 5870 permiserint
931 5801 974 5856 ael
989 5801 1045 5856 oio-

1055 347 1096 418 44

1640 369 1686 416 Du
1708 367 1902 416 episcorum

1103 537 1203 592 furioso
1220 535 1262 590 vel
1279 535 1395 590 furiosae
1411 535 1439 590 in
1457 535 1547 590 ultimo
1565 535 1649 602 elogio
1670 533 1810 588 heredibus
1828 533 1902 586 insti-

1103 605 1167 660 tutis
1193 603 1233 658 rel
1260 603 1425 656 exheredatis
1451 603 1554 658 dederit
1578 605 1633 668 (ubi
1660 607 1687 656 et
1708 601 1903 656 fideiussionem

1103 689 1208 728 cessare
1233 683 1341 724 necesse
1367 677 1409 724 est
1433 677 1544 740 paterno
1571 671 1719 726 testimonio
1749 685 1798 738 pro
1825 669 1902 722 satis-

1103 741 1209 794 datione
1232 737 1402 806 sufficiente),
1425 739 1482 808 ipse
1504 739 1549 806 qui
1570 739 1648 794 datus
1672 743 1713 794 est
1735 737 1770 790 ad
1787 737 1902 790 curatio·

1102 825 1161 862 nem
1187 805 1330 876 perveniat,
1356 807 1395 860 ita
1420 811 1520 870 tamen,
1550 811 1581 862 ut
1611 807 1638 860 in
1664 805 1806 874 provinciis
1833 803 1903 872 apud

1102 875 1236 946 praesides
1259 887 1364 940 earum,
1387 881 1528 944 praesente
1552 877 1589 930 eis
1612 879 1668 926 tam
1683 875 1738 926 viro
1762 873 1902 940 religiosis-

1103 947 1168 998 simo
1185 945 1304 998 locorum
1322 941 1440 996 sudatile
1457 957 1535 1010 quam
1552 943 1637 998 tribus
1653 941 1818 1010 primatibus,
1836 941 1903 992 acus

1101 1011 1345 1074 intervenientibus,
1363 1011 1441 1064 tactis
1460 1011 1635 1064 sacrosanctis
1652 1009 1790 1078 scripturis
1809 1009 1902 1076 depro-

1103 1081 1173 1134 mat⁶
1191 1079 1278 1134 omnia
1296 1093 1324 1130 se
1340 1079 1424 1132 recte⁷
1443 1095 1503 1132 cum
1520 1079 1634 1132 utilitate
1643 1077 1738 1132 furiosi
1752 1091 1844 1144 gerere
1858 1091 1904 1128 ne·

1103 1163 1154 1218 que
1177 1145 1399 1216 praetermittere,
1424 1161 1493 1216 quae
1508 1145 1585 1200 utilia
1601 1145 1702 1200 furioso
1720 1159 1779 1198 esse
1795 1147 1904 1214 putate·

1103 1217 1150 1280 rit,
1172 1229 1257 1282 neque
1275 1213 1428 1280 admittere,
1448 1229 1517 1282 quae
1534 1229 1587 1268 non
1604 1215 1679 1268 utilia
1696 1227 1754 1268 esse
1772 1213 1904 1290 existima-

1103 1283 1180 1338 verit:
1211 1289 1239 1336 et
1263 1283 1410 1336 inventario
1438 1297 1498 1336 cum
1524 1283 1594 1336 omui
1620 1281 1767 1336 subtilitate
1799 1281 1905 1348 publice

1104 1351 1253 1420 conscripto
1271 1365 1313 1404 res
1331 1349 1460 1418 suscipiat
1478 1355 1504 1404 et
1521 1365 1566 1404 eas
1585 1349 1729 1406 secundum
1746 1349 1789 1402 sui
1803 1349 1904 1424 opinio·

1103 1435 1162 1472 nem
1185 1419 1309 1486 disponat
1331 1419 1380 1472 sub
1405 1419 1556 1488 hypotheca
1578 1433 1667 1472 rerum
1689 1417 1724 1472 ad
1746 1433 1806 1472 eum
1824 1421 1904 1484 pertr-

1103 1487 1233 1550 nentium‚
1261 1487 1295 1540 ad
1318 1487 1513 1540 similitudinem
1534 1491 1651 1542 tutorum
1675 1489 1701 1538 et
1721 1485 1805 1538 adulti
1828 1499 1904 1538 cura-

1103 1559 1119 1608 2
1152 1559 1248 1608 torum.
1290 1553 1336 1608 Sin
1358 1559 1446 1608 autem
1469 1559 1656 1608 testamentum
1680 1553 1784 1622 quidem
1807 1567 1903 1620 pareus

1102 1637 1156 1676 nou
1179 1621 1336 1686 contecerit,
1359 1621 1404 1676 lex
1421 1627 1509 1676 autem
1531 1627 1680 1676 curatorem
1697 1625 1789 1688 utpote
1807 1619 1904 1688 adgna-

1103 1695 1160 1744 tnm
1181 1691 1314 1742 vocaverit
1336 1691 1376 1744 vel
1400 1705 1431 1742 eo
1454 1697 1575 1744 cessante
1598 1695 1645 1744 aut
1667 1705 1722 1744 non
1738 1689 1833 1742 idoneo
1850 1687 1904 1742 ior·

1103 1759 1173 1812 sitan
1198 1759 1326 1812 existente
1352 1773 1386 1812 ex
1411 1759 1528 1814 iudiciali
1554 1757 1682 1814 electione
1709 1763 1856 1810 curatorem
1882 1755 1906 1808 ei

1103 1827 1166 1880 dare
1191 1841 1300 1880 necesse
1325 1825 1422 1890 tuerit,
1448 1831 1515 1880 tuuc
1541 1827 1641 1880 scilicet
1668 1831 1694 1880 et
1715 1825 1742 1880 in
1765 1823 1904 1894 productis

1103 1893 1174 1964 apud
1200 1893 1349 1962 praesidem
1376 1895 1565 1964 cuiuscumque
1594 1893 1745 1964 provinciae
1771 1899 1797 1946 et
1823 1893 1905 1946 vuum

1103 1961 1326 2030 religiosissimum
1357 1961 1512 2032 episcopum
1544 1961 1657 2018 civitatis
1689 1977 1738 2016 neo
1769 1975 1823 2014 uon
1852 1967 1905 2012 tres

1102 2031 1228 2100 primates
1246 2029 1345 2084 creatio
1363 2033 1500 2098 procedet,
1520 2031 1558 2084 ita
1575 2033 1613 2096 ut,
1637 2029 1660 2084 si
1678 2029 1782 2098 quidem
1801 2033 1905 2082 curator

1103 2099 1279 2152 substantiam
1312 2097 1435 2152 idoneam
1469 2099 1587 2168 possidet
1618 2103 1645 2150 et
1671 2097 1845 2162 sufficientem
1871 2095 1905 2150 ad

1102 2165 1181 2220 fidem
1202 2165 1414 2234 gubernationis.
1439 2171 1466 2222 et
1487 2167 1544 2222 sine
1564 2167 1653 2236 aliqua
1670 2165 1843 2220 satisdatione
1859 2179 1904 2216 no-

1103 2235 1211 2290 minatio
1238 2235 1294 2288 eius
1321 2235 1457 2304 procedat.
1502 2235 1544 2288 sin
1569 2241 1659 2288 autem
1689 2251 1743 2288 non
1760 2233 1822 2286 talis
1849 2231 1904 2286 eius

1104 2319 1200 2358 oeneus
1217 2303 1374 2368 invematur,
1391 2305 1457 2356 tuno
1475 2309 1502 2356 et
1517 2303 1654 2358 fideiussio
1667 2303 1694 2356 iu
1709 2307 1834 2370 quantum
1844 2315 1905 2368 pos-

1104 2375 1118 2426 3
1154 2371 1229 2426 sibile
1246 2377 1287 2426 est
1304 2372 1338 2426 ab
1356 2387 1387 2426 eo
1406 2371 1566 2438 exploretur.
1599 2369 1737 2424 Orestione
1756 2369 1904 2424 omnimodo

1103 2441 1282 2494 sacrosanctis
1313 2439 1455 2510 sumpturis
1486 2439 1629 2508 propositis
1661 2439 1689 2492 in
1721 2437 1791 2492 omni
1825 2453 1906 2492 caiisa

1103 2507 1275 2574 celebranda,
1298 2507 1356 2576 ipso
1374 2513 1463 2560 autem
1482 2513 1612 2574 curatore,
1637 2507 1827 2574 cuiuscumque
1843 2505 1905 2558 sub-

1103 2575 1216 2630 stantiae
1238 2577 1278 2630 vel
1301 2575 1436 2642 dignitatis
1460 2581 1514 2642 est,
1538 2575 1688 2644 praelatum
1712 2575 1905 2630 sacramentum

1102 2657 1150 2712 pro
1169 2645 1268 2696 utihter
1283 2643 1363 2698 rebus
1380 2645 1501 2712 gerendis
1519 2647 1671 2714 praestante
1689 2647 1716 2696 et
1731 2641 1905 2696 inventarium

1102 2711 1208 2780 publice
1235 2711 1419 2766 conscribente
1445 2717 1472 2766 et
1493 2713 1644 2780 hypotheca
1670 2725 1758 2764 rerum
1775 2709 1905 2764 curatoris

1102 2777 1186 2834 modis
1211 2781 1332 2834 omnibus
1355 2779 1518 2846 adhibenda,
1547 2785 1677 2850 quatenus
1700 2777 1806 2900 possint
1829 2777 1905 2832 undi-

1103 2863 1152 2916 que
1170 2863 1212 2900 res
1230 2847 1323 2902 furiosi
1344 2849 1444 2902 utiliter
1464 2849 1614 2916 gubernari.
1649 2845 1681 2900 D.
1720 2845 1818 2918 ,θερί
1838 2843 1905 2900 Ocn-

1101 2915 1221 2970 stcutino
1242 2915 1279 2970 oli
1287 2915 1440 2988 Lampadio
1449 2923 1477 2972 et
1487 2915 1579 2972 Oreste
1587 2933 1626 2972 υυ.
1637 2931 1673 2968 σε.
1684 2931 1770 2968 conss.
1796 2915 1832 2984 [σ.
1843 2911 1904 2982 530]

1136 2979 1176 3040 28
1199 2983 1286 3038 8ιίεω
1308 2987 1339 3038 Α
1358 2983 1469 3038 Iuliano
1490 3001 1537 3056 pp.
1580 2983 1649 3038 Tam
1674 2981 1800 3036 dementis
1828 2997 1905 3062 quam

1102 3051 1195 3106 furiosi
1220 3053 1296 3106 liberi
1319 3053 1508 3120 cuiuscumque
1532 3069 1610 3106 sexus
1636 3055 1750 3118 possunt
1775 3051 1905 3118 legihmas

1103 3119 1258 3174 conuehere
1283 3121 1403 3188 nuptias,
1434 3125 1490 3174 tem
1520 3119 1581 3176 dote
1608 3133 1686 3188 quam
1712 3125 1773 3172 ante
1798 3119 1904 3198 nuptias

1103 3187 1245 3242 donatione
1271 3205 1287 3242 a
1313 3195 1438 3244 curatore
1463 3203 1554 3242 eorum
1579 3185 1753 3258 praestanda:
1783 3191 1905 3240 aestime-

1102 3257 1175 3308 tione
1196 3263 1284 3310 temen
1307 3257 1336 3310 iu
1358 3257 1410 3310 heo
1434 3255 1539 3326 quidem
1561 3255 1634 3326 regia
1656 3255 1723 3308 urbe
1741 3253 1905 3308 excellentis-

1103 3323 1161 3376 simi
1186 3323 1316 3392 praefecti
1342 3327 1431 3390 urbia,
1457 3325 1485 3378 in
1510 3323 1652 3392 provinciis
1679 3329 1768 3378 autem
1791 3323 1905 3376 virorum

1103 3391 1306 3448 clarissimorum
1324 3407 1415 3446 earum
1432 3393 1583 3462 praesidum
1601 3391 1642 3446 vel
1665 3391 1785 3446 locorum
1802 3389 1905 3444 antisti·

1102 3463 1158 3512 tum
1181 3463 1236 3514 tam
1259 3461 1382 3530 opinione
1399 3475 1529 3530 personae
1547 3477 1625 3530 quem
1643 3459 1842 3512 moderatione⁹
1859 3457 1904 3512 do·

1103 3527 1137 3582 tis
1160 3533 1187 3582 et
1208 3533 1271 3582 ante
1292 3531 1399 3598 nuptias
1422 3529 1571 3584 donationis
1592 3527 1742 3592 statuenda,
1760 3527 1905 3596 praesenti-

1102 3595 1152 3650 bus
1169 3599 1226 3650 tam
1242 3599 1410 3652 curatoribus
1433 3597 1560 3650 dementis
1578 3611 1657 3666 quam
1673 3595 1769 3650 furiosi
1786 3611 1835 3648 nee
1852 3611 1905 3648 uon

1102 3663 1143 3716 his
1154 3665 1182 3730 ¹⁰,
1206 3665 1251 3734 qui
1272 3681 1305 3720 ex
1326 3681 1424 3732 genere
1445 3681 1536 3720 eorum
1559 3665 1701 3718 nobihores
1718 3667 1792 3728 sunt,
1811 3663 1848 3716 ita
1865 3667 1904 3714 ta-

1102 3747 1169 3798 men,
1187 3733 1308 3786 utnulla
1326 3749 1359 3788 ex
1375 3733 1427 3788 heo
1445 3749 1528 3788 causa
1545 3733 1647 3788 oriatur
1661 3731 1701 3786 rel
1718 3731 1746 3784 in
1763 3731 1814 3784 bec
1832 3731 1904 3796 regia

1102 3801 1168 3854 urbe
1193 3801 1236 3854 rel
1259 3801 1288 3854 in
1313 3801 1457 3870 provinciis
1482 3801 1587 3854 iactura
1616 3799 1782 3854 substantiae
1813 3797 1905 3852 furiosi

1101 3869 1173 3922 rel¹²
1194 3875 1283 3922 mente
1307 3869 1389 3938 copti,
1413 3869 1460 3924 sed
1480 3869 1563 3936 gratis
1587 3867 1675 3924 omnia
1691 3865 1848 3938 procedant,
1872 3881 1905 3920 ue

1101 4041 1165 4092 mod.
1188 4057 1251 4106 pers.
1272 4043 1324 4104 CR,
1346 4057 1410 4106 pers.
1428 4061 1473 4094 om.
1492 4043 1529 4092 Pr
1619 4039 1665 4106 (tt)
1682 4043 1733 4088 tam
1751 4037 1905 4090 curatoribus

1103 4109 1221 4160 dementis
1238 4109 1282 4160 rel¹
1295 4109 1383 4160 furiosi
1401 4125 1476 4174 quam
1493 4109 1532 4160 his
1550 4111 1565 4160 l.
1582 4127 1657 4176 pent:
1673 4109 1757 4174 scitne
1775 4109 1825 4156 tam
1842 4105 1903 4156 dem.

1103 4193 1176 4240 quam
1193 4177 1242 4226 fur.
1260 4181 1338 4238 curat:
1357 4193 1402 4228 neo
1419 4193 1471 4228 non
1488 4177 1528 4226 his
1550 4179 1722 4242 (Μανασσῆς
1811 4177 1852 4240 (11)
1870 4177 1905 4226 sie

1103 4247 1128 4310 i..
1136 4265 1209 4312 pem,
1232 4245 1352 4296 dementis
1369 4245 1409 4298 vel
1426 4249 1471 4298 ius.
1490 4247 1548 4298 libri

1069 4505 1071 4512 ⁴
1102 4449 1131 4498 15
1166 4443 1279 4500 latorem
1313 4463 1368 4500 non
1402 4447 1494 4502 statim
1525 4445 1747 4500 denuntiaverint.
1797 4441 1905 4498 Scilicet

1098 4529 1155 4566 non
1171 4515 1335 4592 permittant
1355 4531 1441 4586 supra
1461 4513 1569 4570 modam
1597 4519 1693 4568 nostra
1715 4511 1905 4568 constitutione

1098 4579 1236 4648 defimtnrn
1256 4583 1443 4654 sportularum
1466 4583 1572 4638 nomine
1599 4581 1666 4652 quid
1688 4581 1764 4652 enipi
1792 4579 1833 4634 ool
1859 4577 1905 4632 de·

1097 4647 1271 4720 sumptionem
1304 4667 1343 4706 ea·
1377 4649 1539 4722 quibuslibet
1573 4649 1662 4704 causis
1693 4649 1722 4702 in
1754 4645 1905 4702 ciuitatibus

1082 4745 1084 4752 ·
1092 4721 1212 4788 propter
1228 4719 1412 4772 autoretatem
1424 4719 1497 4798 fieri,
1515 4719 1569 4772 nisi
1586 4715 1769 4772 tantummodo
1791 4731 1828 4770 eor
1850 4715 1905 4768 illis

1098 4783 1201 4850 cando,
1227 4785 1300 4840 uelut
1322 4785 1356 4840 de
1376 4787 1558 4842 insinuatione
1575 4785 1781 4858 promotionum
1798 4787 1825 4838 et
1841 4799 1903 4836 con-

1097 4851 1265 4906 stitutionum
1283 4861 1311 4910 et
1325 4871 1467 4910 sacrarum
1485 4853 1527 4910 ael
1545 4853 1713 4924 pancratium
1730 4851 1903 4904 commonito-

1097 4919 1200 4974 riorum
1211 4921 1648 4994 oelformarumoelepistalarum
1658 4919 1725 4976 etde
1734 4919 1902 4974 eeteriseias-

1097 4985 1178 5052 modi‚
1191 4985 1335 5060 dequibus
1349 4995 1430 5044 antea
1441 4991 1592 5054 sonuimus,
1605 4993 1633 5042 et
1641 5005 1710 5058 quae
1720 4985 1902 5058 obproprium

1097 5053 1239 5110 utilitatem
1252 5057 1295 5114 ool
1307 5055 1421 5112 salutern
1435 5059 1505 5114 oioes
1517 5057 1545 5112 in
1559 5055 1760 5128 operapublica
1769 5055 1846 5126 sorte
1863 5053 1903 5108 oel

1097 5123 1125 5176 tn
1147 5121 1274 5178 sitoniam
1295 5125 1338 5180 nel
1359 5125 1389 5178 in
1410 5125 1493 5180 aliam
1511 5123 1543 5180 ab
1563 5123 1684 5178 omnibus
1701 5123 1901 5194 comprobatam

1097 5207 1206 5244 causam
1229 5191 1401 5248 liberalitatis
1422 5193 1517 5264 prada
1536 5193 1633 5264 facere
1654 5191 1757 5268 uelint,¹
1774 5207 1844 5260 puae
1867 5199 1904 5266 aa

1097 5273 1260 5314 commanem
1283 5261 1403 5316 ciuitatis
1424 5261 1568 5316 utilitatem
1584 5263 1722 5330 spectant:
1746 5275 1775 5312 m
1793 5275 1839 5312 eos
1856 5273 1902 5326 pm

1097 5323 1163 5378 baec
1188 5327 1291 5382 uiolare
1316 5333 1368 5384 tem
1391 5333 1447 5384 tent
1477 5333 1503 5384 et
1529 5327 1558 5382 in
1589 5327 1808 5396 relipiosissimos
1833 5325 1902 5402 epis-

1097 5409 1181 5462 copos
1206 5395 1254 5466 qui
1279 5395 1309 5450 id
1333 5413 1350 5450 a
1395 5413 1447 5450 nos
1469 5413 1526 5450 nort
1547 5397 1673 5466 referant
1694 5411 1726 5448 ea
1752 5411 1821 5472 puae
1848 5407 1902 5444 cam

1099 5465 1128 5514 16
1166 5461 1262 5516 minati
1281 5479 1374 5518 summ
1396 5465 1543 5534 optineant.
1588 5461 1662 5516 Sane
1684 5461 1902 5532 reliptosissimus

1096 5525 1305 5610 uniuscuiusque
1322 5531 1439 5586 ciuitatis
1449 5531 1601 5610 episcopus,
1619 5531 1764 5600 compertis
1781 5529 1903 5582 omnibns

1096 5597 1278 5666 quaeanobts
1289 5597 1401 5668 definita
1417 5603 1489 5664 sunt,
1508 5605 1587 5654 ettam
1605 5595 1808 5652 adamationem
1820 5603 1902 5652 meta-

1097 5671 1184 5718 torum
1201 5683 1234 5720 σο
1244 5667 1460 5738 prohibitionem
1477 5665 1657 5738 ademptionis
1669 5681 1849 5720 armorumue
1868 5679 1902 5718 ue

1095 5747 1164 5804 puae
1176 5747 1257 5788 sacro
1269 5741 1366 5790 nosne
1386 5735 1578 5788 constitutione
1598 5733 1640 5788 bis
1662 5731 1696 5786 de
1716 5731 1797 5788 rebus
1809 5681 1901 5804 pelit-

1094 5799 1899 5874 catacontinenturcompetentteasecutionimundoredebet.
