<?xml version="1.0" encoding="UTF-8"?>
<!DOCTYPE html PUBLIC "-//W3C//DTD XHTML 1.0 Transitional//EN"
    "http://www.w3.org/TR/xhtml1/DTD/xhtml1-transitional.dtd">
<html xmlns="http://www.w3.org/1999/xhtml" xml:lang="en" lang="en">
 <head>
  <title>
</title>
<meta http-equiv="Content-Type" content="text/html;charset=utf-8" />
  <meta name='ocr-system' content='tesseract 3.04.00' />
  <meta name='ocr-capabilities' content='ocr_page ocr_carea ocr_par ocr_line ocrx_word'/>
</head>
<body>
  <div class='ocr_page' id='page_1' title='image "./corpusiuriscivi00kruegoog_0516.png"; bbox 0 0 4250 6258; ppageno 0'>
   <div class='ocr_carea' id='block_1_1' title="bbox 239 357 362 426">
    <p class='ocr_par' dir='ltr' id='par_1_1' title="bbox 239 357 362 426">
     <span class='ocr_line' id='line_1_1' title="bbox 239 357 362 426; baseline 0 -2"><span class='ocrx_word' id='word_1_1' title='bbox 239 357 302 424; x_wconf 86' lang='lat' dir='ltr'>XII</span> <span class='ocrx_word' id='word_1_2' title='bbox 324 365 362 426; x_wconf 88' lang='grc'>60</span> 
     </span>
    </p>
   </div>
   <div class='ocr_carea' id='block_1_2' title="bbox 1034 349 1096 422">
    <p class='ocr_par' dir='ltr' id='par_1_2' title="bbox 1034 349 1096 422">
     <span class='ocr_line' id='line_1_2' title="bbox 1034 349 1096 422; baseline 0 0"><span class='ocrx_word' id='word_1_3' title='bbox 1034 349 1096 422; x_wconf 80' lang='lat' dir='ltr'>tta</span> 
     </span>
    </p>
   </div>
   <div class='ocr_carea' id='block_1_3' title="bbox 1562 365 1895 418">
    <p class='ocr_par' dir='ltr' id='par_1_3' title="bbox 1562 365 1895 418">
     <span class='ocr_line' id='line_1_3' title="bbox 1562 365 1895 418; baseline -0.018 0"><span class='ocrx_word' id='word_1_4' title='bbox 1562 371 1607 418; x_wconf 80' lang='lat' dir='ltr'>Did</span> <span class='ocrx_word' id='word_1_5' title='bbox 1629 365 1895 416; x_wconf 78' lang='lat' dir='ltr'>nxsnonnontnns</span> 
     </span>
    </p>
   </div>
   <div class='ocr_carea' id='block_1_4' title="bbox 923 449 1214 460">
    <p class='ocr_par' dir='ltr' id='par_1_4' title="bbox 923 449 1214 460">
     <span class='ocr_line' id='line_1_4' title="bbox 923 449 1214 460; baseline 0 -2"><span class='ocrx_word' id='word_1_6' title='bbox 923 449 1214 460; x_wconf 53' lang='lat' dir='ltr'>...m-*ffl-</span> 
     </span>
    </p>
   </div>
   <div class='ocr_carea' id='block_1_5' title="bbox 237 539 1044 2992">
    <p class='ocr_par' dir='ltr' id='par_1_5' title="bbox 237 539 1044 2992">
     <span class='ocr_line' id='line_1_5' title="bbox 239 539 1044 612; baseline -0.01 -12"><span class='ocrx_word' id='word_1_7' title='bbox 239 549 301 612; x_wconf 86' lang='lat' dir='ltr'>mat,</span> <span class='ocrx_word' id='word_1_8' title='bbox 320 563 361 610; x_wconf 85' lang='lat' dir='ltr'>ne,</span> <span class='ocrx_word' id='word_1_9' title='bbox 380 547 442 598; x_wconf 88' lang='lat' dir='ltr'>dum</span> <span class='ocrx_word' id='word_1_10' title='bbox 458 543 511 592; x_wconf 90' lang='lat' dir='ltr'>hnc</span> <span class='ocrx_word' id='word_1_11' title='bbox 529 541 580 592; x_wconf 91' lang='lat' dir='ltr'>sibi</span> <span class='ocrx_word' id='word_1_12' title='bbox 602 539 713 592; x_wconf 89' lang='lat' dir='ltr'>invicem</span> <span class='ocrx_word' id='word_1_13' title='bbox 734 539 819 592; x_wconf 90' lang='lat' dir='ltr'>mutui</span> <span class='ocrx_word' id='word_1_14' title='bbox 836 539 920 592; x_wconf 90' lang='lat' dir='ltr'>officii</span> <span class='ocrx_word' id='word_1_15' title='bbox 936 541 1044 592; x_wconf 88' lang='lat' dir='ltr'>licentia</span> 
     </span>
     <span class='ocr_line' id='line_1_6' title="bbox 239 607 1042 682; baseline -0.012 -14"><span class='ocrx_word' id='word_1_16' title='bbox 239 615 399 682; x_wconf 88' lang='lat' dir='ltr'>partiuntur,</span> <span class='ocrx_word' id='word_1_17' title='bbox 424 613 505 676; x_wconf 82' lang='lat' dir='ltr'>agant</span> <span class='ocrx_word' id='word_1_18' title='bbox 527 607 630 674; x_wconf 86' lang='lat' dir='ltr'>cuncti,</span> <span class='ocrx_word' id='word_1_19' title='bbox 654 609 726 676; x_wconf 85' lang='lat' dir='ltr'>quod</span> <span class='ocrx_word' id='word_1_20' title='bbox 748 607 858 676; x_wconf 78' lang='lat' dir='ltr'>singulis</span> <span class='ocrx_word' id='word_1_21' title='bbox 878 607 1042 662; x_wconf 77' lang='lat' dir='ltr'>credebatur.</span> 
     </span>
     <span class='ocr_line' id='line_1_7' title="bbox 240 673 1043 808; baseline -0.011 -72"><span class='ocrx_word' id='word_1_22' title='bbox 240 683 274 736; x_wconf 85' lang='lat' dir='ltr'>ll.</span> <span class='ocrx_word' id='word_1_23' title='bbox 295 679 370 752; x_wconf 83' lang='lat' dir='ltr'>prid.</span> <span class='ocrx_word' id='word_1_24' title='bbox 397 675 433 730; x_wconf 85' lang='lat' dir='ltr'>iol.</span> <span class='ocrx_word' id='word_1_25' title='bbox 461 675 527 730; x_wconf 77' lang='grc' dir='ltr'>Ιαί.1</span> <span class='ocrx_word' id='word_1_26' title='bbox 554 673 705 730; x_wconf 77' lang='lat' dir='ltr'><em>Mediolani</em></span> <span class='ocrx_word' id='word_1_27' title='bbox 733 673 843 746; x_wconf 74' lang='lat' dir='ltr'>Olybrio</span> <span class='ocrx_word' id='word_1_28' title='bbox 871 681 897 730; x_wconf 89' lang='lat' dir='ltr'>et</span> <span class='ocrx_word' id='word_1_29' title='bbox 923 673 1043 808; x_wconf 60' lang='grc' dir='ltr'><strong><em>Ρυοήήιὸή</em></strong></span> 
     </span>
     <span class='ocr_line' id='line_1_8' title="bbox 240 749 964 808; baseline -0.008 -6"><span class='ocrx_word' id='word_1_30' title='bbox 240 763 326 802; x_wconf 85' lang='lat' dir='ltr'>conss.</span> <span class='ocrx_word' id='word_1_31' title='bbox 932 749 964 808; x_wconf 87' lang='lat' dir='ltr'>[a.</span> 
     </span>
     <span class='ocr_line' id='line_1_9' title="bbox 275 809 1043 882; baseline -0.003 -16"><span class='ocrx_word' id='word_1_32' title='bbox 275 811 411 882; x_wconf 75' lang='lat' dir='ltr'>3-21app.</span> <span class='ocrx_word' id='word_1_33' title='bbox 423 809 564 864; x_wconf 83' lang='lat' dir='ltr'>Honorias</span> <span class='ocrx_word' id='word_1_34' title='bbox 579 817 606 864; x_wconf 92' lang='lat' dir='ltr'>et</span> <span class='ocrx_word' id='word_1_35' title='bbox 616 809 781 866; x_wconf 75' lang='lat' dir='ltr'>Theodosius</span> <span class='ocrx_word' id='word_1_36' title='bbox 790 811 844 864; x_wconf 89' lang='grc' dir='ltr'>ΑΑ.</span> <span class='ocrx_word' id='word_1_37' title='bbox 855 809 981 864; x_wconf 83' lang='lat' dir='ltr'>Palladio</span> <span class='ocrx_word' id='word_1_38' title='bbox 995 827 1043 880; x_wconf 86' lang='lat' dir='ltr'>pp.</span> 
     </span>
     <span class='ocr_line' id='line_1_10' title="bbox 240 875 1044 948; baseline -0.004 -13"><span class='ocrx_word' id='word_1_39' title='bbox 240 883 300 936; x_wconf 81' lang='lat' dir='ltr'>Sive</span> <span class='ocrx_word' id='word_1_40' title='bbox 322 895 354 934; x_wconf 86' lang='lat' dir='ltr'>ex</span> <span class='ocrx_word' id='word_1_41' title='bbox 377 877 546 948; x_wconf 89' lang='lat' dir='ltr'>praetoriano</span> <span class='ocrx_word' id='word_1_42' title='bbox 573 877 662 932; x_wconf 86' lang='lat' dir='ltr'>officio</span> <span class='ocrx_word' id='word_1_43' title='bbox 691 879 745 934; x_wconf 85' lang='lat' dir='ltr'>sive</span> <span class='ocrx_word' id='word_1_44' title='bbox 770 875 880 932; x_wconf 85' lang='lat' dir='ltr'>illustris</span> <span class='ocrx_word' id='word_1_45' title='bbox 907 879 1044 932; x_wconf 80' lang='lat' dir='ltr'><strong>comitivae</strong></span> 
     </span>
     <span class='ocr_line' id='line_1_11' title="bbox 241 945 1044 1016; baseline -0.005 -12"><span class='ocrx_word' id='word_1_46' title='bbox 241 949 311 1004; x_wconf 87' lang='lat' dir='ltr'>sedis</span> <span class='ocrx_word' id='word_1_47' title='bbox 335 947 504 1016; x_wconf 78' lang='lat' dir='ltr'><strong>largitionum</strong></span> <span class='ocrx_word' id='word_1_48' title='bbox 524 961 575 1000; x_wconf 86' lang='lat' dir='ltr'>aec</span> <span class='ocrx_word' id='word_1_49' title='bbox 596 963 650 1000; x_wconf 90' lang='lat' dir='ltr'>non</span> <span class='ocrx_word' id='word_1_50' title='bbox 677 951 704 1000; x_wconf 90' lang='lat' dir='ltr'>ct</span> <span class='ocrx_word' id='word_1_51' title='bbox 729 945 768 1000; x_wconf 90' lang='lat' dir='ltr'>rei</span> <span class='ocrx_word' id='word_1_52' title='bbox 794 947 913 1014; x_wconf 83' lang='lat' dir='ltr'>privatae</span> <span class='ocrx_word' id='word_1_53' title='bbox 937 951 1044 1000; x_wconf 84' lang='lat' dir='ltr'>nostrae</span> 
     </span>
     <span class='ocr_line' id='line_1_12' title="bbox 240 1015 1044 1084; baseline -0.005 -12"><span class='ocrx_word' id='word_1_54' title='bbox 240 1019 280 1072; x_wconf 85' lang='lat' dir='ltr'>vel</span> <span class='ocrx_word' id='word_1_55' title='bbox 298 1033 330 1072; x_wconf 86' lang='lat' dir='ltr'>ex</span> <span class='ocrx_word' id='word_1_56' title='bbox 355 1029 520 1084; x_wconf 89' lang='lat' dir='ltr'>quacumque</span> <span class='ocrx_word' id='word_1_57' title='bbox 543 1015 710 1084; x_wconf 78' lang='lat' dir='ltr'>apparitione</span> <span class='ocrx_word' id='word_1_58' title='bbox 733 1015 766 1068; x_wconf 88' lang='lat' dir='ltr'>ed</span> <span class='ocrx_word' id='word_1_59' title='bbox 789 1031 980 1084; x_wconf 84' lang='lat' dir='ltr'>quamcumque</span> <span class='ocrx_word' id='word_1_60' title='bbox 998 1031 1044 1068; x_wconf 89' lang='lat' dir='ltr'>ne-</span> 
     </span>
     <span class='ocr_line' id='line_1_13' title="bbox 241 1081 1044 1152; baseline -0.006 -13"><span class='ocrx_word' id='word_1_61' title='bbox 241 1085 391 1140; x_wconf 88' lang='lat' dir='ltr'>cessitatem</span> <span class='ocrx_word' id='word_1_62' title='bbox 409 1081 600 1152; x_wconf 86' lang='lat' dir='ltr'>profligandam</span> <span class='ocrx_word' id='word_1_63' title='bbox 619 1083 677 1150; x_wconf 86' lang='lat' dir='ltr'>quis</span> <span class='ocrx_word' id='word_1_64' title='bbox 694 1083 774 1138; x_wconf 82' lang='lat' dir='ltr'>tuerit</span> <span class='ocrx_word' id='word_1_65' title='bbox 795 1083 956 1150; x_wconf 87' lang='lat' dir='ltr'>destinatus,</span> <span class='ocrx_word' id='word_1_66' title='bbox 977 1083 1044 1136; x_wconf 91' lang='lat' dir='ltr'>sciat</span> 
     </span>
     <span class='ocr_line' id='line_1_14' title="bbox 240 1151 1044 1220; baseline -0.005 -12"><span class='ocrx_word' id='word_1_67' title='bbox 240 1157 310 1208; x_wconf 90' lang='lat' dir='ltr'>intra</span> <span class='ocrx_word' id='word_1_68' title='bbox 327 1153 390 1204; x_wconf 88' lang='lat' dir='ltr'>anni</span> <span class='ocrx_word' id='word_1_69' title='bbox 406 1155 490 1204; x_wconf 88' lang='lat' dir='ltr'>metas</span> <span class='ocrx_word' id='word_1_70' title='bbox 509 1151 604 1204; x_wconf 86' lang='lat' dir='ltr'>debere</span> <span class='ocrx_word' id='word_1_71' title='bbox 623 1153 741 1206; x_wconf 76' lang='lat' dir='ltr'>collectis</span> <span class='ocrx_word' id='word_1_72' title='bbox 758 1151 905 1204; x_wconf 85' lang='lat' dir='ltr'>ratiociniis</span> <span class='ocrx_word' id='word_1_73' title='bbox 930 1151 964 1204; x_wconf 91' lang='lat' dir='ltr'>ad</span> <span class='ocrx_word' id='word_1_74' title='bbox 982 1169 1044 1220; x_wconf 89' lang='lat' dir='ltr'>pro·</span> 
     </span>
     <span class='ocr_line' id='line_1_15' title="bbox 239 1219 1044 1292; baseline -0.007 -16"><span class='ocrx_word' id='word_1_75' title='bbox 239 1223 326 1292; x_wconf 88' lang='lat' dir='ltr'>prium</span> <span class='ocrx_word' id='word_1_76' title='bbox 344 1219 457 1274; x_wconf 88' lang='lat' dir='ltr'>iudicem</span> <span class='ocrx_word' id='word_1_77' title='bbox 474 1235 591 1272; x_wconf 90' lang='lat' dir='ltr'>remeare</span> <span class='ocrx_word' id='word_1_78' title='bbox 607 1219 683 1286; x_wconf 88' lang='lat' dir='ltr'>eique</span> <span class='ocrx_word' id='word_1_79' title='bbox 698 1235 771 1274; x_wconf 90' lang='lat' dir='ltr'>suam</span> <span class='ocrx_word' id='word_1_80' title='bbox 791 1219 937 1272; x_wconf 78' lang='lat' dir='ltr'>efficaciam</span> <span class='ocrx_word' id='word_1_81' title='bbox 956 1227 1044 1274; x_wconf 88' lang='lat' dir='ltr'>osten·</span> 
     </span>
     <span class='ocr_line' id='line_1_16' title="bbox 241 1287 1044 1358; baseline -0.005 -14"><span class='ocrx_word' id='word_1_82' title='bbox 241 1291 315 1354; x_wconf 87' lang='lat' dir='ltr'>dere,</span> <span class='ocrx_word' id='word_1_83' title='bbox 339 1289 402 1358; x_wconf 91' lang='lat' dir='ltr'>quid</span> <span class='ocrx_word' id='word_1_84' title='bbox 425 1287 482 1342; x_wconf 90' lang='lat' dir='ltr'>eius</span> <span class='ocrx_word' id='word_1_85' title='bbox 506 1287 633 1342; x_wconf 85' lang='lat' dir='ltr'>instantia</span> <span class='ocrx_word' id='word_1_86' title='bbox 658 1293 779 1342; x_wconf 83' lang='lat' dir='ltr'>exactum</span> <span class='ocrx_word' id='word_1_87' title='bbox 802 1287 882 1342; x_wconf 86' lang='lat' dir='ltr'>inerit</span> <span class='ocrx_word' id='word_1_88' title='bbox 906 1287 999 1354; x_wconf 87' lang='lat' dir='ltr'>quidve</span> <span class='ocrx_word' id='word_1_89' title='bbox 1016 1289 1044 1340; x_wconf 90' lang='lat' dir='ltr'>in</span> 
     </span>
     <span class='ocr_line' id='line_1_17' title="bbox 241 1355 1043 1424; baseline -0.006 -11"><span class='ocrx_word' id='word_1_90' title='bbox 241 1357 336 1413; x_wconf 88' lang='lat' dir='ltr'>debitis</span> <span class='ocrx_word' id='word_1_91' title='bbox 359 1357 473 1412; x_wconf 89' lang='lat' dir='ltr'>babetur</span> <span class='ocrx_word' id='word_1_92' title='bbox 494 1357 535 1408; x_wconf 82' lang='lat' dir='ltr'>rel</span> <span class='ocrx_word' id='word_1_93' title='bbox 559 1371 639 1424; x_wconf 90' lang='lat' dir='ltr'>penes</span> <span class='ocrx_word' id='word_1_94' title='bbox 664 1373 730 1424; x_wconf 93' lang='lat' dir='ltr'>quos</span> <span class='ocrx_word' id='word_1_95' title='bbox 753 1355 881 1408; x_wconf 90' lang='lat' dir='ltr'>resederit</span> <span class='ocrx_word' id='word_1_96' title='bbox 904 1357 945 1408; x_wconf 83' lang='lat' dir='ltr'>vel</span> <span class='ocrx_word' id='word_1_97' title='bbox 969 1357 1043 1408; x_wconf 89' lang='lat' dir='ltr'>cuius</span> 
     </span>
     <span class='ocr_line' id='line_1_18' title="bbox 241 1423 1043 1494; baseline -0.005 -14"><span class='ocrx_word' id='word_1_98' title='bbox 241 1427 321 1494; x_wconf 88' lang='lat' dir='ltr'>culpa</span> <span class='ocrx_word' id='word_1_99' title='bbox 335 1429 382 1478; x_wconf 87' lang='lat' dir='ltr'>aut</span> <span class='ocrx_word' id='word_1_100' title='bbox 395 1439 477 1476; x_wconf 87' lang='lat' dir='ltr'>caasa</span> <span class='ocrx_word' id='word_1_101' title='bbox 485 1423 514 1476; x_wconf 90' lang='lat' dir='ltr'>in</span> <span class='ocrx_word' id='word_1_102' title='bbox 528 1423 620 1478; x_wconf 88' lang='lat' dir='ltr'>eadem</span> <span class='ocrx_word' id='word_1_103' title='bbox 636 1423 773 1492; x_wconf 87' lang='lat' dir='ltr'>provincia</span> <span class='ocrx_word' id='word_1_104' title='bbox 785 1423 865 1478; x_wconf 87' lang='lat' dir='ltr'>fuerit</span> <span class='ocrx_word' id='word_1_105' title='bbox 880 1423 1043 1478; x_wconf 88' lang='lat' dir='ltr'>derelictum.</span> 
     </span>
     <span class='ocr_line' id='line_1_19' title="bbox 244 1491 1044 1562; baseline 0 -16"><span class='ocrx_word' id='word_1_106' title='bbox 244 1501 252 1546; x_wconf 89' lang='lat' dir='ltr'>t</span> <span class='ocrx_word' id='word_1_107' title='bbox 291 1495 367 1562; x_wconf 79' lang='lat' dir='ltr'>Quod</span> <span class='ocrx_word' id='word_1_108' title='bbox 385 1493 408 1546; x_wconf 89' lang='lat' dir='ltr'>si</span> <span class='ocrx_word' id='word_1_109' title='bbox 425 1495 519 1546; x_wconf 85' lang='lat' dir='ltr'>exacto</span> <span class='ocrx_word' id='word_1_110' title='bbox 537 1493 624 1560; x_wconf 85' lang='lat' dir='ltr'>spatio</span> <span class='ocrx_word' id='word_1_111' title='bbox 642 1493 705 1546; x_wconf 87' lang='lat' dir='ltr'>anui</span> <span class='ocrx_word' id='word_1_112' title='bbox 729 1493 786 1546; x_wconf 88' lang='lat' dir='ltr'>eius</span> <span class='ocrx_word' id='word_1_113' title='bbox 803 1493 918 1560; x_wconf 82' lang='lat' dir='ltr'>regionis</span> <span class='ocrx_word' id='word_1_114' title='bbox 936 1491 1044 1546; x_wconf 87' lang='lat' dir='ltr'>visceri-</span> 
     </span>
     <span class='ocr_line' id='line_1_20' title="bbox 240 1559 1044 1630; baseline -0.007 -12"><span class='ocrx_word' id='word_1_115' title='bbox 240 1563 291 1618; x_wconf 86' lang='lat' dir='ltr'>bus</span> <span class='ocrx_word' id='word_1_116' title='bbox 309 1561 452 1630; x_wconf 83' lang='lat' dir='ltr'>praedator</span> <span class='ocrx_word' id='word_1_117' title='bbox 467 1559 584 1614; x_wconf 88' lang='lat' dir='ltr'>insidens</span> <span class='ocrx_word' id='word_1_118' title='bbox 608 1561 788 1628; x_wconf 89' lang='lat' dir='ltr'>deprehensus</span> <span class='ocrx_word' id='word_1_119' title='bbox 810 1561 891 1614; x_wconf 87' lang='lat' dir='ltr'>luerit</span> <span class='ocrx_word' id='word_1_120' title='bbox 908 1561 1044 1624; x_wconf 87' lang='lat' dir='ltr'>remorari,</span> 
     </span>
     <span class='ocr_line' id='line_1_21' title="bbox 240 1627 1044 1698; baseline -0.002 -14"><span class='ocrx_word' id='word_1_121' title='bbox 240 1637 306 1684; x_wconf 90' lang='lat' dir='ltr'>tunc</span> <span class='ocrx_word' id='word_1_122' title='bbox 323 1629 461 1684; x_wconf 84' lang='lat' dir='ltr'>absolutus</span> <span class='ocrx_word' id='word_1_123' title='bbox 481 1627 585 1696; x_wconf 85' lang='lat' dir='ltr'>cingulo</span> <span class='ocrx_word' id='word_1_124' title='bbox 607 1629 700 1682; x_wconf 89' lang='lat' dir='ltr'>militia</span> <span class='ocrx_word' id='word_1_125' title='bbox 722 1627 861 1692; x_wconf 79' lang='lat' dir='ltr'>obicietur,</span> <span class='ocrx_word' id='word_1_126' title='bbox 884 1629 1044 1698; x_wconf 84' lang='lat' dir='ltr'>primoribus</span> 
     </span>
     <span class='ocr_line' id='line_1_22' title="bbox 241 1695 1043 1818; baseline -0.005 -65"><span class='ocrx_word' id='word_1_127' title='bbox 241 1699 297 1754; x_wconf 88' lang='lat' dir='ltr'>eius</span> <span class='ocrx_word' id='word_1_128' title='bbox 315 1697 421 1752; x_wconf 89' lang='lat' dir='ltr'>militiae</span> <span class='ocrx_word' id='word_1_129' title='bbox 446 1697 535 1750; x_wconf 86' lang='lat' dir='ltr'>decern</span> <span class='ocrx_word' id='word_1_130' title='bbox 559 1695 687 1750; x_wconf 87' lang='lat' dir='ltr'>librarum</span> <span class='ocrx_word' id='word_1_131' title='bbox 710 1695 768 1750; x_wconf 88' lang='lat' dir='ltr'>auri</span> <span class='ocrx_word' id='word_1_132' title='bbox 792 1697 875 1750; x_wconf 87' lang='lat' dir='ltr'>multa</span> <span class='ocrx_word' id='word_1_133' title='bbox 896 1697 1043 1818; x_wconf 70' lang='lat' dir='ltr'>proposita.</span> 
     </span>
     <span class='ocr_line' id='line_1_23' title="bbox 242 1763 1043 1834; baseline -0.005 -12"><span class='ocrx_word' id='word_1_134' title='bbox 242 1773 255 1822; x_wconf 84' lang='lat'>2</span> <span class='ocrx_word' id='word_1_135' title='bbox 291 1767 318 1822; x_wconf 86' lang='lat' dir='ltr'>Si</span> <span class='ocrx_word' id='word_1_136' title='bbox 335 1765 421 1820; x_wconf 89' lang='lat' dir='ltr'>redire</span> <span class='ocrx_word' id='word_1_137' title='bbox 439 1763 592 1832; x_wconf 80' lang='lat' dir='ltr'>dissimulet,</span> <span class='ocrx_word' id='word_1_138' title='bbox 611 1781 657 1832; x_wconf 89' lang='lat' dir='ltr'>per</span> <span class='ocrx_word' id='word_1_139' title='bbox 675 1765 745 1820; x_wconf 85' lang='lat' dir='ltr'>vices</span> <span class='ocrx_word' id='word_1_140' title='bbox 764 1765 930 1818; x_wconf 81' lang='lat' dir='ltr'>olficiornm³</span> <span class='ocrx_word' id='word_1_141' title='bbox 956 1765 1043 1834; x_wconf 85' lang='lat' dir='ltr'>igatns</span> 
     </span>
     <span class='ocr_line' id='line_1_24' title="bbox 240 1833 1044 1900; baseline -0.004 -12"><span class='ocrx_word' id='word_1_142' title='bbox 240 1835 332 1888; x_wconf 87' lang='lat' dir='ltr'>ferreis</span> <span class='ocrx_word' id='word_1_143' title='bbox 350 1833 461 1888; x_wconf 89' lang='lat' dir='ltr'>nexibus</span> <span class='ocrx_word' id='word_1_144' title='bbox 481 1849 545 1886; x_wconf 82' lang='lat' dir='ltr'>cura</span> <span class='ocrx_word' id='word_1_145' title='bbox 563 1833 730 1900; x_wconf 80' lang='lat' dir='ltr'>provincialis</span> <span class='ocrx_word' id='word_1_146' title='bbox 749 1833 848 1886; x_wconf 65' lang='lat' dir='ltr'>oflicii⁴</span> <span class='ocrx_word' id='word_1_147' title='bbox 866 1835 900 1888; x_wconf 88' lang='lat' dir='ltr'>ad</span> <span class='ocrx_word' id='word_1_148' title='bbox 925 1833 1044 1888; x_wconf 88' lang='lat' dir='ltr'>debitum</span> 
     </span>
     <span class='ocr_line' id='line_1_25' title="bbox 240 1901 1043 1972; baseline -0.002 -16"><span class='ocrx_word' id='word_1_149' title='bbox 240 1903 360 1956; x_wconf 88' lang='lat' dir='ltr'>mittatur</span> <span class='ocrx_word' id='word_1_150' title='bbox 378 1915 486 1954; x_wconf 85' lang='lat' dir='ltr'>examen</span> <span class='ocrx_word' id='word_1_151' title='bbox 504 1915 553 1954; x_wconf 92' lang='lat' dir='ltr'>nec</span> <span class='ocrx_word' id='word_1_152' title='bbox 571 1901 594 1954; x_wconf 91' lang='lat' dir='ltr'>ei</span> <span class='ocrx_word' id='word_1_153' title='bbox 611 1901 724 1956; x_wconf 87' lang='lat' dir='ltr'>liberum</span> <span class='ocrx_word' id='word_1_154' title='bbox 743 1901 784 1966; x_wconf 88' lang='lat' dir='ltr'>sit,</span> <span class='ocrx_word' id='word_1_155' title='bbox 803 1907 832 1954; x_wconf 91' lang='lat' dir='ltr'>ut</span> <span class='ocrx_word' id='word_1_156' title='bbox 849 1903 901 1956; x_wconf 91' lang='lat' dir='ltr'>boc</span> <span class='ocrx_word' id='word_1_157' title='bbox 917 1917 945 1954; x_wconf 90' lang='lat' dir='ltr'>se</span> <span class='ocrx_word' id='word_1_158' title='bbox 962 1901 1043 1972; x_wconf 79' lang='lat' dir='ltr'>privi-</span> 
     </span>
     <span class='ocr_line' id='line_1_26' title="bbox 240 1969 1041 2040; baseline -0.002 -16"><span class='ocrx_word' id='word_1_159' title='bbox 240 1971 307 2040; x_wconf 83' lang='lat' dir='ltr'>legio</span> <span class='ocrx_word' id='word_1_160' title='bbox 327 1975 373 2024; x_wconf 91' lang='lat' dir='ltr'>aut</span> <span class='ocrx_word' id='word_1_161' title='bbox 395 1969 535 2022; x_wconf 88' lang='lat' dir='ltr'>occasione</span> <span class='ocrx_word' id='word_1_162' title='bbox 560 1969 696 2038; x_wconf 85' lang='lat' dir='ltr'>defendat,</span> <span class='ocrx_word' id='word_1_163' title='bbox 715 1969 786 2038; x_wconf 87' lang='lat' dir='ltr'>qaod</span> <span class='ocrx_word' id='word_1_164' title='bbox 805 1969 854 2024; x_wconf 89' lang='lat' dir='ltr'>sibi</span> <span class='ocrx_word' id='word_1_165' title='bbox 872 1969 945 2024; x_wconf 89' lang='lat' dir='ltr'>alind</span> <span class='ocrx_word' id='word_1_166' title='bbox 963 1985 1041 2038; x_wconf 85' lang='lat' dir='ltr'>nego·</span> 
     </span>
     <span class='ocr_line' id='line_1_27' title="bbox 239 2037 1043 2106; baseline -0.002 -14"><span class='ocrx_word' id='word_1_167' title='bbox 239 2041 306 2092; x_wconf 90' lang='lat' dir='ltr'>tium</span> <span class='ocrx_word' id='word_1_168' title='bbox 322 2039 362 2092; x_wconf 86' lang='lat' dir='ltr'>rel</span> <span class='ocrx_word' id='word_1_169' title='bbox 380 2037 458 2090; x_wconf 87' lang='lat' dir='ltr'>aliam</span> <span class='ocrx_word' id='word_1_170' title='bbox 472 2037 657 2092; x_wconf 86' lang='lat' dir='ltr'>necessitatem</span> <span class='ocrx_word' id='word_1_171' title='bbox 674 2045 737 2106; x_wconf 88' lang='lat' dir='ltr'>past</span> <span class='ocrx_word' id='word_1_172' title='bbox 749 2037 896 2092; x_wconf 88' lang='lat' dir='ltr'>iniunctam</span> <span class='ocrx_word' id='word_1_173' title='bbox 912 2053 969 2092; x_wconf 89' lang='lat' dir='ltr'>esse</span> <span class='ocrx_word' id='word_1_174' title='bbox 980 2053 1043 2090; x_wconf 89' lang='lat' dir='ltr'>cau·</span> 
     </span>
     <span class='ocr_line' id='line_1_28' title="bbox 241 2105 1044 2172; baseline -0.005 -10"><span class='ocrx_word' id='word_1_175' title='bbox 241 2111 327 2172; x_wconf 86' lang='lat' dir='ltr'>setar,</span> <span class='ocrx_word' id='word_1_176' title='bbox 361 2123 420 2160; x_wconf 93' lang='lat' dir='ltr'>cum</span> <span class='ocrx_word' id='word_1_177' title='bbox 446 2105 531 2158; x_wconf 90' lang='lat' dir='ltr'>isdem</span> <span class='ocrx_word' id='word_1_178' title='bbox 556 2105 693 2160; x_wconf 88' lang='lat' dir='ltr'>licentiam</span> <span class='ocrx_word' id='word_1_179' title='bbox 719 2105 871 2160; x_wconf 88' lang='lat' dir='ltr'>auferamus</span> <span class='ocrx_word' id='word_1_180' title='bbox 896 2107 925 2158; x_wconf 87' lang='lat' dir='ltr'>in</span> <span class='ocrx_word' id='word_1_181' title='bbox 952 2107 1044 2160; x_wconf 89' lang='lat' dir='ltr'>eadem</span> 
     </span>
     <span class='ocr_line' id='line_1_29' title="bbox 239 2173 1044 2244; baseline -0.005 -14"><span class='ocrx_word' id='word_1_182' title='bbox 239 2175 375 2244; x_wconf 83' lang='lat' dir='ltr'>provincia</span> <span class='ocrx_word' id='word_1_183' title='bbox 393 2173 564 2228; x_wconf 81' lang='lat' dir='ltr'>continuare⁵</span> <span class='ocrx_word' id='word_1_184' title='bbox 581 2173 753 2228; x_wconf 82' lang='lat' dir='ltr'>exactionem.</span> <span class='ocrx_word' id='word_1_185' title='bbox 791 2173 894 2228; x_wconf 73' lang='grc'>11111.</span> <span class='ocrx_word' id='word_1_186' title='bbox 914 2173 969 2230; x_wconf 88' lang='lat' dir='ltr'>Oct.</span> <span class='ocrx_word' id='word_1_187' title='bbox 988 2173 1044 2226; x_wconf 83' lang='lat' dir='ltr'>lla-</span> 
     </span>
     <span class='ocr_line' id='line_1_30' title="bbox 240 2239 1043 2308; baseline -0.001 -11"><span class='ocrx_word' id='word_1_188' title='bbox 240 2261 341 2298; x_wconf 89' lang='lat' dir='ltr'>oeaaae</span> <span class='ocrx_word' id='word_1_189' title='bbox 359 2241 510 2296; x_wconf 83' lang='lat' dir='ltr'>Titeoclosio</span> <span class='ocrx_word' id='word_1_190' title='bbox 527 2243 558 2296; x_wconf 86' lang='grc' dir='ltr'>Α.</span> <span class='ocrx_word' id='word_1_191' title='bbox 574 2257 618 2296; x_wconf 80' lang='grc' dir='ltr'>ιιι</span> <span class='ocrx_word' id='word_1_192' title='bbox 633 2249 660 2296; x_wconf 86' lang='lat' dir='ltr'>et</span> <span class='ocrx_word' id='word_1_193' title='bbox 674 2239 803 2296; x_wconf 83' lang='lat' dir='ltr'>Palladio</span> <span class='ocrx_word' id='word_1_194' title='bbox 821 2257 908 2296; x_wconf 88' lang='lat' dir='ltr'>conss.</span> <span class='ocrx_word' id='word_1_195' title='bbox 938 2245 1043 2308; x_wconf 86' lang='grc' dir='ltr'>[α.416]</span> 
     </span>
     <span class='ocr_line' id='line_1_31' title="bbox 273 2307 1044 2380; baseline -0.008 -12"><span class='ocrx_word' id='word_1_196' title='bbox 273 2311 292 2368; x_wconf 83' lang='lat'>4</span> <span class='ocrx_word' id='word_1_197' title='bbox 311 2309 398 2364; x_wconf 83' lang='grc' dir='ltr'>6Ιιίενι</span> <span class='ocrx_word' id='word_1_198' title='bbox 415 2311 470 2364; x_wconf 85' lang='grc' dir='ltr'>ΑΛ.</span> <span class='ocrx_word' id='word_1_199' title='bbox 496 2307 615 2364; x_wconf 86' lang='grc' dir='ltr'>ῙαίιααιιιΙ</span> <span class='ocrx_word' id='word_1_200' title='bbox 626 2327 676 2380; x_wconf 91' lang='lat' dir='ltr'>pp.</span> <span class='ocrx_word' id='word_1_201' title='bbox 717 2311 825 2364; x_wconf 88' lang='lat' dir='ltr'>Nullam</span> <span class='ocrx_word' id='word_1_202' title='bbox 849 2311 1044 2378; x_wconf 87' lang='lat' dir='ltr'>possessionem</span> 
     </span>
     <span class='ocr_line' id='line_1_32' title="bbox 239 2377 1044 2446; baseline -0.004 -11"><span class='ocrx_word' id='word_1_203' title='bbox 239 2379 348 2434; x_wconf 85' lang='lat' dir='ltr'>alterius</span> <span class='ocrx_word' id='word_1_204' title='bbox 367 2393 415 2446; x_wconf 88' lang='lat' dir='ltr'>pro</span> <span class='ocrx_word' id='word_1_205' title='bbox 430 2377 522 2432; x_wconf 82' lang='lat' dir='ltr'>alienis</span> <span class='ocrx_word' id='word_1_206' title='bbox 537 2377 633 2432; x_wconf 82' lang='lat' dir='ltr'>&#39;debitis</span> <span class='ocrx_word' id='word_1_207' title='bbox 647 2379 762 2446; x_wconf 88' lang='lat' dir='ltr'>publicis</span> <span class='ocrx_word' id='word_1_208' title='bbox 778 2379 832 2432; x_wconf 86' lang='lat' dir='ltr'>sire</span> <span class='ocrx_word' id='word_1_209' title='bbox 845 2379 954 2446; x_wconf 84' lang='lat' dir='ltr'>privatis</span> <span class='ocrx_word' id='word_1_210' title='bbox 966 2395 1044 2446; x_wconf 85' lang='lat' dir='ltr'>prae·</span> 
     </span>
     <span class='ocr_line' id='line_1_33' title="bbox 239 2445 1043 2518; baseline -0.002 -16"><span class='ocrx_word' id='word_1_211' title='bbox 239 2449 350 2518; x_wconf 88' lang='lat' dir='ltr'>cipimus</span> <span class='ocrx_word' id='word_1_212' title='bbox 370 2447 510 2501; x_wconf 86' lang='lat' dir='ltr'>conveniri.</span> <span class='ocrx_word' id='word_1_213' title='bbox 546 2445 579 2500; x_wconf 86' lang='lat' dir='ltr'>D.</span> <span class='ocrx_word' id='word_1_214' title='bbox 596 2461 614 2498; x_wconf 82' lang='grc' dir='ltr'><strong><em>τ</em></strong></span> <span class='ocrx_word' id='word_1_215' title='bbox 627 2447 662 2502; x_wconf 81' lang='lat' dir='ltr'>iel.</span> <span class='ocrx_word' id='word_1_216' title='bbox 683 2445 734 2500; x_wconf 86' lang='lat' dir='ltr'>lul.</span> <span class='ocrx_word' id='word_1_217' title='bbox 753 2445 899 2500; x_wconf 81' lang='lat' dir='ltr'>Rauennae</span> <span class='ocrx_word' id='word_1_218' title='bbox 917 2447 1043 2500; x_wconf 80' lang='lat' dir='ltr'>Honorio</span> 
     </span>
     <span class='ocr_line' id='line_1_34' title="bbox 239 2515 1043 2578; baseline -0.005 -8"><span class='ocrx_word' id='word_1_219' title='bbox 239 2531 302 2570; x_wconf 75' lang='lat' dir='ltr'>rJJJ</span> <span class='ocrx_word' id='word_1_220' title='bbox 317 2521 344 2572; x_wconf 89' lang='lat' dir='ltr'>et</span> <span class='ocrx_word' id='word_1_221' title='bbox 362 2515 512 2570; x_wconf 74' lang='lat' dir='ltr'>Theodosio</span> <span class='ocrx_word' id='word_1_222' title='bbox 530 2531 553 2568; x_wconf 75' lang='lat' dir='ltr'><strong>x</strong></span> <span class='ocrx_word' id='word_1_223' title='bbox 567 2515 624 2568; x_wconf 86' lang='grc' dir='ltr'>ΑΑ.</span> <span class='ocrx_word' id='word_1_224' title='bbox 642 2531 728 2568; x_wconf 85' lang='lat' dir='ltr'>conss.</span> <span class='ocrx_word' id='word_1_225' title='bbox 931 2521 964 2578; x_wconf 84' lang='lat' dir='ltr'>[a.</span> <span class='ocrx_word' id='word_1_226' title='bbox 983 2519 1043 2578; x_wconf 82' lang='grc'>422)</span> 
     </span>
     <span class='ocr_line' id='line_1_35' title="bbox 273 2581 1044 2656; baseline -0.005 -16"><span class='ocrx_word' id='word_1_227' title='bbox 273 2583 290 2640; x_wconf 80' lang='lat'>5</span> <span class='ocrx_word' id='word_1_228' title='bbox 311 2581 409 2656; x_wconf 85' lang='lat' dir='ltr'>⁷Impp.</span> <span class='ocrx_word' id='word_1_229' title='bbox 431 2581 596 2638; x_wconf 84' lang='lat' dir='ltr'>Tlreodosias</span> <span class='ocrx_word' id='word_1_230' title='bbox 614 2589 640 2636; x_wconf 88' lang='lat' dir='ltr'>et</span> <span class='ocrx_word' id='word_1_231' title='bbox 659 2581 865 2638; x_wconf 85' lang='lat' dir='ltr'>Valentinianus</span> <span class='ocrx_word' id='word_1_232' title='bbox 881 2583 937 2638; x_wconf 83' lang='grc' dir='ltr'>ΑΑ,</span> <span class='ocrx_word' id='word_1_233' title='bbox 963 2581 1044 2636; x_wconf 81' lang='lat' dir='ltr'>Vola-</span> 
     </span>
     <span class='ocr_line' id='line_1_36' title="bbox 238 2651 1044 2722; baseline -0.002 -16"><span class='ocrx_word' id='word_1_234' title='bbox 238 2653 316 2706; x_wconf 82' lang='lat' dir='ltr'>siano</span> <span class='ocrx_word' id='word_1_235' title='bbox 334 2671 384 2722; x_wconf 90' lang='lat' dir='ltr'>pp.</span> <span class='ocrx_word' id='word_1_236' title='bbox 428 2651 527 2704; x_wconf 85' lang='lat' dir='ltr'>Contra</span> <span class='ocrx_word' id='word_1_237' title='bbox 551 2655 643 2704; x_wconf 88' lang='lat' dir='ltr'>nostra</span> <span class='ocrx_word' id='word_1_238' title='bbox 687 2653 831 2718; x_wconf 81' lang='lat' dir='ltr'>raecepta⁸</span> <span class='ocrx_word' id='word_1_239' title='bbox 856 2651 879 2706; x_wconf 87' lang='lat' dir='ltr'>si</span> <span class='ocrx_word' id='word_1_240' title='bbox 904 2651 1044 2720; x_wconf 89' lang='lat' dir='ltr'>quisquam</span> 
     </span>
     <span class='ocr_line' id='line_1_37' title="bbox 238 2719 1044 2788; baseline -0.001 -14"><span class='ocrx_word' id='word_1_241' title='bbox 238 2721 318 2776; x_wconf 83' lang='lat' dir='ltr'>vetito</span> <span class='ocrx_word' id='word_1_242' title='bbox 347 2737 414 2774; x_wconf 88' lang='lat' dir='ltr'>ausu</span> <span class='ocrx_word' id='word_1_243' title='bbox 440 2719 600 2772; x_wconf 71' lang='grc' dir='ltr'>εαεεαιαοι9</span> <span class='ocrx_word' id='word_1_244' title='bbox 623 2735 657 2772; x_wconf 92' lang='lat' dir='ltr'>au</span> <span class='ocrx_word' id='word_1_245' title='bbox 678 2719 744 2784; x_wconf 85' lang='lat' dir='ltr'>abit,</span> <span class='ocrx_word' id='word_1_246' title='bbox 775 2719 867 2772; x_wconf 88' lang='lat' dir='ltr'>licebit</span> <span class='ocrx_word' id='word_1_247' title='bbox 890 2719 1044 2788; x_wconf 83' lang='lat' dir='ltr'>provinciae</span> 
     </span>
     <span class='ocr_line' id='line_1_38' title="bbox 237 2787 1044 2854; baseline 0 -12"><span class='ocrx_word' id='word_1_248' title='bbox 237 2787 399 2844; x_wconf 85' lang='lat' dir='ltr'>moderatori</span> <span class='ocrx_word' id='word_1_249' title='bbox 420 2787 532 2842; x_wconf 86' lang='lat' dir='ltr'>eundem</span> <span class='ocrx_word' id='word_1_250' title='bbox 555 2793 704 2854; x_wconf 89' lang='lat' dir='ltr'>correptum</span> <span class='ocrx_word' id='word_1_251' title='bbox 728 2787 762 2842; x_wconf 89' lang='lat' dir='ltr'>ad</span> <span class='ocrx_word' id='word_1_252' title='bbox 789 2787 957 2842; x_wconf 88' lang='lat' dir='ltr'>sublimitatis</span> <span class='ocrx_word' id='word_1_253' title='bbox 980 2793 1044 2842; x_wconf 89' lang='lat' dir='ltr'>tuae</span> 
     </span>
     <span class='ocr_line' id='line_1_39' title="bbox 238 2857 1044 2926; baseline -0.004 -15"><span class='ocrx_word' id='word_1_254' title='bbox 238 2857 365 2912; x_wconf 89' lang='lat' dir='ltr'>iudicium</span> <span class='ocrx_word' id='word_1_255' title='bbox 389 2857 438 2910; x_wconf 88' lang='lat' dir='ltr'>sub</span> <span class='ocrx_word' id='word_1_256' title='bbox 460 2857 647 2926; x_wconf 88' lang='lat' dir='ltr'>prosecutione</span> <span class='ocrx_word' id='word_1_257' title='bbox 671 2857 797 2924; x_wconf 79' lang='lat' dir='ltr'>dirigere,</span> <span class='ocrx_word' id='word_1_258' title='bbox 823 2857 914 2908; x_wconf 89' lang='lat' dir='ltr'>licebit</span> <span class='ocrx_word' id='word_1_259' title='bbox 938 2857 1044 2924; x_wconf 79' lang='lat' dir='ltr'>provin-</span> 
     </span>
     <span class='ocr_line' id='line_1_40' title="bbox 238 2923 1043 2992; baseline -0.005 -12"><span class='ocrx_word' id='word_1_260' title='bbox 238 2927 313 2990; x_wconf 86' lang='lat' dir='ltr'>ciali,</span> <span class='ocrx_word' id='word_1_261' title='bbox 336 2925 386 2978; x_wconf 89' lang='lat' dir='ltr'>etsi</span> <span class='ocrx_word' id='word_1_262' title='bbox 407 2925 539 2992; x_wconf 88' lang='lat' dir='ltr'>probatur</span> <span class='ocrx_word' id='word_1_263' title='bbox 563 2923 706 2990; x_wconf 85' lang='lat' dir='ltr'>obnoxius,</span> <span class='ocrx_word' id='word_1_264' title='bbox 732 2923 894 2978; x_wconf 85' lang='lat' dir='ltr'>exsecutoris</span> <span class='ocrx_word' id='word_1_265' title='bbox 905 2927 927 2956; x_wconf 86' lang='lat'>¹⁰</span> <span class='ocrx_word' id='word_1_266' title='bbox 949 2929 1043 2978; x_wconf 91' lang='lat' dir='ltr'>contra</span> 
     </span>
    </p>
   </div>
   <div class='ocr_carea' id='block_1_6' title="bbox 236 2993 1085 3060">
    <p class='ocr_par' dir='ltr' id='par_1_6' title="bbox 236 2993 1085 3060">
     <span class='ocr_line' id='line_1_41' title="bbox 236 2993 1085 3060; baseline -0.002 -14"><span class='ocrx_word' id='word_1_267' title='bbox 236 2995 347 3048; x_wconf 90' lang='lat' dir='ltr'>vetitum</span> <span class='ocrx_word' id='word_1_268' title='bbox 364 2993 529 3046; x_wconf 84' lang='lat' dir='ltr'>exactionem</span> <span class='ocrx_word' id='word_1_269' title='bbox 545 2993 597 3046; x_wconf 88' lang='lat' dir='ltr'>sibi</span> <span class='ocrx_word' id='word_1_270' title='bbox 612 2993 770 3046; x_wconf 84' lang='lat' dir='ltr'>vindicantis</span> <span class='ocrx_word' id='word_1_271' title='bbox 788 2993 963 3046; x_wconf 87' lang='lat' dir='ltr'>temeritatem</span> <span class='ocrx_word' id='word_1_272' title='bbox 980 2993 1043 3060; x_wconf 81' lang='lat' dir='ltr'>legi·</span> <span class='ocrx_word' id='word_1_273' title='bbox 1083 3013 1085 3016; x_wconf 94' lang='lat'>·</span> 
     </span>
    </p>
   </div>
   <div class='ocr_carea' id='block_1_7' title="bbox 233 3061 1065 4086">
    <p class='ocr_par' dir='ltr' id='par_1_7' title="bbox 233 3061 1065 4086">
     <span class='ocr_line' id='line_1_42' title="bbox 237 3061 1039 3130; baseline -0.002 -16"><span class='ocrx_word' id='word_1_274' title='bbox 237 3063 299 3116; x_wconf 87' lang='lat' dir='ltr'>time</span> <span class='ocrx_word' id='word_1_275' title='bbox 316 3061 451 3130; x_wconf 90' lang='lat' dir='ltr'>repellere.</span> <span class='ocrx_word' id='word_1_276' title='bbox 488 3061 520 3114; x_wconf 81' lang='lat' dir='ltr'>li.</span> <span class='ocrx_word' id='word_1_277' title='bbox 531 3075 574 3114; x_wconf 81' lang='grc' dir='ltr'>ιιι</span> <span class='ocrx_word' id='word_1_278' title='bbox 586 3061 612 3114; x_wconf 77' lang='lat' dir='ltr'>a.</span> <span class='ocrx_word' id='word_1_279' title='bbox 624 3061 705 3116; x_wconf 80' lang='lat' dir='ltr'>Mart</span> <span class='ocrx_word' id='word_1_280' title='bbox 724 3061 870 3114; x_wconf 83' lang='lat' dir='ltr'>Rauennae</span> <span class='ocrx_word' id='word_1_281' title='bbox 882 3067 951 3130; x_wconf 89' lang='lat' dir='ltr'>post</span> <span class='ocrx_word' id='word_1_282' title='bbox 968 3077 1039 3114; x_wconf 84' lang='lat' dir='ltr'>cons.</span> 
     </span>
     <span class='ocr_line' id='line_1_43' title="bbox 237 3129 1041 3198; baseline -0.002 -14"><span class='ocrx_word' id='word_1_283' title='bbox 237 3131 336 3184; x_wconf 85' lang='lat' dir='ltr'>Felicis</span> <span class='ocrx_word' id='word_1_284' title='bbox 352 3135 379 3184; x_wconf 90' lang='lat' dir='ltr'>et</span> <span class='ocrx_word' id='word_1_285' title='bbox 397 3129 479 3184; x_wconf 86' lang='lat' dir='ltr'>Tauri</span> <span class='ocrx_word' id='word_1_286' title='bbox 497 3145 535 3184; x_wconf 92' lang='grc' dir='ltr'>ου.</span> <span class='ocrx_word' id='word_1_287' title='bbox 554 3145 591 3182; x_wconf 86' lang='lat' dir='ltr'>cc.</span> <span class='ocrx_word' id='word_1_288' title='bbox 929 3129 962 3198; x_wconf 86' lang='grc' dir='ltr'><strong><em>(α.</em></strong></span> <span class='ocrx_word' id='word_1_289' title='bbox 982 3133 1041 3192; x_wconf 81' lang='grc'>429]</span> 
     </span>
     <span class='ocr_line' id='line_1_44' title="bbox 272 3195 1041 3268; baseline 0 -18"><span class='ocrx_word' id='word_1_290' title='bbox 272 3195 290 3256; x_wconf 88' lang='grc'><strong>6</strong></span> <span class='ocrx_word' id='word_1_291' title='bbox 312 3199 401 3268; x_wconf 88' lang='lat' dir='ltr'>¹¹lmp.</span> <span class='ocrx_word' id='word_1_292' title='bbox 414 3197 486 3250; x_wconf 86' lang='lat' dir='ltr'>Zeno</span> <span class='ocrx_word' id='word_1_293' title='bbox 496 3199 526 3250; x_wconf 84' lang='grc' dir='ltr'>Α.</span> <span class='ocrx_word' id='word_1_294' title='bbox 546 3195 663 3250; x_wconf 81' lang='lat' dir='ltr'>Arcadio</span> <span class='ocrx_word' id='word_1_295' title='bbox 680 3215 726 3268; x_wconf 89' lang='lat' dir='ltr'>pp.</span> <span class='ocrx_word' id='word_1_296' title='bbox 762 3197 908 3262; x_wconf 81' lang='lat' dir='ltr'>Sensimus,</span> <span class='ocrx_word' id='word_1_297' title='bbox 928 3201 957 3250; x_wconf 89' lang='lat' dir='ltr'>ut</span> <span class='ocrx_word' id='word_1_298' title='bbox 976 3213 1041 3262; x_wconf 76' lang='lat' dir='ltr'>etam,</span> 
     </span>
     <span class='ocr_line' id='line_1_45' title="bbox 238 3265 1042 3334; baseline -0.002 -14"><span class='ocrx_word' id='word_1_299' title='bbox 238 3267 281 3322; x_wconf 91' lang='lat' dir='ltr'>cni</span> <span class='ocrx_word' id='word_1_300' title='bbox 306 3283 338 3320; x_wconf 81' lang='lat' dir='ltr'>ex</span> <span class='ocrx_word' id='word_1_301' title='bbox 359 3265 457 3320; x_wconf 89' lang='lat' dir='ltr'>iudicio</span> <span class='ocrx_word' id='word_1_302' title='bbox 481 3265 521 3318; x_wconf 91' lang='lat' dir='ltr'>tui</span> <span class='ocrx_word' id='word_1_303' title='bbox 544 3265 663 3318; x_wconf 85' lang='lat' dir='ltr'>culminis</span> <span class='ocrx_word' id='word_1_304' title='bbox 695 3281 861 3334; x_wconf 89' lang='lat' dir='ltr'>quocumque</span> <span class='ocrx_word' id='word_1_305' title='bbox 884 3265 962 3318; x_wconf 92' lang='lat' dir='ltr'>modo</span> <span class='ocrx_word' id='word_1_306' title='bbox 988 3265 1042 3318; x_wconf 90' lang='lat' dir='ltr'>sive</span> 
     </span>
     <span class='ocr_line' id='line_1_46' title="bbox 237 3335 1041 3402; baseline -0.002 -14"><span class='ocrx_word' id='word_1_307' title='bbox 237 3335 325 3388; x_wconf 87' lang='lat' dir='ltr'>studio</span> <span class='ocrx_word' id='word_1_308' title='bbox 349 3335 558 3388; x_wconf 85' lang='lat' dir='ltr'>numerariorum</span> <span class='ocrx_word' id='word_1_309' title='bbox 584 3337 632 3386; x_wconf 89' lang='lat' dir='ltr'>ant</span> <span class='ocrx_word' id='word_1_310' title='bbox 656 3337 831 3388; x_wconf 85' lang='lat' dir='ltr'>tractatorum</span> <span class='ocrx_word' id='word_1_311' title='bbox 857 3335 897 3386; x_wconf 84' lang='lat' dir='ltr'>rel</span> <span class='ocrx_word' id='word_1_312' title='bbox 923 3335 1041 3402; x_wconf 90' lang='lat' dir='ltr'>ipsoram</span> 
     </span>
     <span class='ocr_line' id='line_1_47' title="bbox 236 3401 1041 3470; baseline -0.002 -14"><span class='ocrx_word' id='word_1_313' title='bbox 236 3405 321 3468; x_wconf 86' lang='lat' dir='ltr'>iussu,</span> <span class='ocrx_word' id='word_1_314' title='bbox 345 3403 390 3470; x_wconf 90' lang='lat' dir='ltr'>qui</span> <span class='ocrx_word' id='word_1_315' title='bbox 412 3417 460 3470; x_wconf 90' lang='lat' dir='ltr'>pro</span> <span class='ocrx_word' id='word_1_316' title='bbox 484 3409 602 3470; x_wconf 89' lang='lat' dir='ltr'>tempore</span> <span class='ocrx_word' id='word_1_317' title='bbox 621 3401 798 3470; x_wconf 84' lang='lat' dir='ltr'>amplissimae</span> <span class='ocrx_word' id='word_1_318' title='bbox 821 3407 884 3454; x_wconf 88' lang='lat' dir='ltr'>tuae</span> <span class='ocrx_word' id='word_1_319' title='bbox 908 3401 976 3454; x_wconf 90' lang='lat' dir='ltr'>sedis</span> <span class='ocrx_word' id='word_1_320' title='bbox 995 3403 1041 3454; x_wconf 92' lang='lat' dir='ltr'>ad-</span> 
     </span>
     <span class='ocr_line' id='line_1_48' title="bbox 237 3469 1041 3538; baseline -0.002 -14"><span class='ocrx_word' id='word_1_321' title='bbox 237 3471 456 3526; x_wconf 85' lang='lat' dir='ltr'>ministrationem</span> <span class='ocrx_word' id='word_1_322' title='bbox 475 3469 632 3538; x_wconf 83' lang='lat' dir='ltr'>suscipinnt,</span> <span class='ocrx_word' id='word_1_323' title='bbox 650 3471 755 3524; x_wconf 84' lang='lat' dir='ltr'>exactio</span> <span class='ocrx_word' id='word_1_324' title='bbox 773 3469 942 3538; x_wconf 85' lang='lat' dir='ltr'>publicarum</span> <span class='ocrx_word' id='word_1_325' title='bbox 959 3485 1041 3538; x_wconf 88' lang='lat' dir='ltr'>pecu-</span> 
     </span>
     <span class='ocr_line' id='line_1_49' title="bbox 236 3537 1040 3606; baseline 0 -14"><span class='ocrx_word' id='word_1_326' title='bbox 236 3541 341 3592; x_wconf 82' lang='lat' dir='ltr'>uiarum</span> <span class='ocrx_word' id='word_1_327' title='bbox 357 3539 519 3606; x_wconf 79' lang='lat' dir='ltr'>iniungatun</span> <span class='ocrx_word' id='word_1_328' title='bbox 544 3537 649 3592; x_wconf 89' lang='lat' dir='ltr'>minime</span> <span class='ocrx_word' id='word_1_329' title='bbox 673 3539 747 3606; x_wconf 89' lang='lat' dir='ltr'>prius</span> <span class='ocrx_word' id='word_1_330' title='bbox 772 3539 852 3592; x_wconf 88' lang='lat' dir='ltr'>liceat</span> <span class='ocrx_word' id='word_1_331' title='bbox 869 3537 949 3592; x_wconf 87' lang='lat' dir='ltr'>aliam</span> <span class='ocrx_word' id='word_1_332' title='bbox 968 3539 1040 3592; x_wconf 85' lang='lat' dir='ltr'>soili-</span> 
     </span>
     <span class='ocr_line' id='line_1_50' title="bbox 237 3605 1041 3674; baseline -0.002 -12"><span class='ocrx_word' id='word_1_333' title='bbox 237 3607 380 3662; x_wconf 87' lang='lat' dir='ltr'>citudinem</span> <span class='ocrx_word' id='word_1_334' title='bbox 405 3607 547 3674; x_wconf 83' lang='lat' dir='ltr'>gerendam</span> <span class='ocrx_word' id='word_1_335' title='bbox 574 3605 722 3674; x_wconf 86' lang='lat' dir='ltr'>suscipere,</span> <span class='ocrx_word' id='word_1_336' title='bbox 750 3613 891 3672; x_wconf 85' lang='lat' dir='ltr'>antequam</span> <span class='ocrx_word' id='word_1_337' title='bbox 919 3621 1041 3660; x_wconf 83' lang='lat' dir='ltr'>reversus</span> 
     </span>
     <span class='ocr_line' id='line_1_51' title="bbox 239 3655 1065 3744; baseline 0 -16"><span class='ocrx_word' id='word_1_338' title='bbox 239 3685 246 3728; x_wconf 87' lang='grc'>1</span> <span class='ocrx_word' id='word_1_339' title='bbox 286 3677 419 3730; x_wconf 88' lang='lat' dir='ltr'>iniunctae</span> <span class='ocrx_word' id='word_1_340' title='bbox 443 3673 492 3728; x_wconf 88' lang='lat' dir='ltr'>sibi</span> <span class='ocrx_word' id='word_1_341' title='bbox 518 3691 615 3728; x_wconf 89' lang='lat' dir='ltr'>causae</span> <span class='ocrx_word' id='word_1_342' title='bbox 635 3691 793 3742; x_wconf 88' lang='lat' dir='ltr'>responsum</span> <span class='ocrx_word' id='word_1_343' title='bbox 815 3673 976 3744; x_wconf 84' lang='lat' dir='ltr'>praebuerit.</span> <span class='ocrx_word' id='word_1_344' title='bbox 1012 3655 1065 3728; x_wconf 61' lang='lat' dir='ltr'>Sil</span> 
     </span>
     <span class='ocr_line' id='line_1_52' title="bbox 235 3743 1040 3812; baseline 0 -16"><span class='ocrx_word' id='word_1_345' title='bbox 235 3749 324 3798; x_wconf 88' lang='lat' dir='ltr'>tamen</span> <span class='ocrx_word' id='word_1_346' title='bbox 341 3743 379 3796; x_wconf 87' lang='lat' dir='ltr'>ita</span> <span class='ocrx_word' id='word_1_347' title='bbox 397 3759 455 3796; x_wconf 88' lang='lat' dir='ltr'>sors</span> <span class='ocrx_word' id='word_1_348' title='bbox 473 3743 577 3806; x_wconf 84' lang='lat' dir='ltr'>tulerit,</span> <span class='ocrx_word' id='word_1_349' title='bbox 601 3747 632 3796; x_wconf 91' lang='lat' dir='ltr'>ut</span> <span class='ocrx_word' id='word_1_350' title='bbox 646 3743 676 3796; x_wconf 88' lang='lat' dir='ltr'>in</span> <span class='ocrx_word' id='word_1_351' title='bbox 695 3759 726 3796; x_wconf 90' lang='lat' dir='ltr'>ea</span> <span class='ocrx_word' id='word_1_352' title='bbox 743 3743 891 3812; x_wconf 81' lang='lat' dir='ltr'>prouincia,</span> <span class='ocrx_word' id='word_1_353' title='bbox 911 3743 943 3796; x_wconf 89' lang='lat' dir='ltr'>ad</span> <span class='ocrx_word' id='word_1_354' title='bbox 962 3759 1040 3810; x_wconf 89' lang='lat' dir='ltr'>quam</span> 
     </span>
     <span class='ocr_line' id='line_1_53' title="bbox 236 3811 1041 3882; baseline -0.004 -15"><span class='ocrx_word' id='word_1_355' title='bbox 236 3811 395 3882; x_wconf 85' lang='lat' dir='ltr'>exsequendi</span> <span class='ocrx_word' id='word_1_356' title='bbox 411 3827 493 3866; x_wconf 90' lang='lat' dir='ltr'>causa</span> <span class='ocrx_word' id='word_1_357' title='bbox 510 3811 612 3880; x_wconf 89' lang='lat' dir='ltr'>publici</span> <span class='ocrx_word' id='word_1_358' title='bbox 626 3811 724 3878; x_wconf 84' lang='lat' dir='ltr'>negotii</span> <span class='ocrx_word' id='word_1_359' title='bbox 741 3811 834 3878; x_wconf 91' lang='lat' dir='ltr'>aliquis</span> <span class='ocrx_word' id='word_1_360' title='bbox 852 3811 1041 3878; x_wconf 85' lang='lat' dir='ltr'>proficiscitur,</span> 
     </span>
     <span class='ocr_line' id='line_1_54' title="bbox 236 3879 1041 3950; baseline -0.002 -16"><span class='ocrx_word' id='word_1_361' title='bbox 236 3883 288 3934; x_wconf 86' lang='lat' dir='ltr'>alia</span> <span class='ocrx_word' id='word_1_362' title='bbox 315 3895 419 3950; x_wconf 89' lang='lat' dir='ltr'>qaoque</span> <span class='ocrx_word' id='word_1_363' title='bbox 447 3895 528 3934; x_wconf 89' lang='lat' dir='ltr'>causa</span> <span class='ocrx_word' id='word_1_364' title='bbox 556 3879 590 3934; x_wconf 89' lang='lat' dir='ltr'>sit</span> <span class='ocrx_word' id='word_1_365' title='bbox 617 3879 798 3946; x_wconf 83' lang='lat' dir='ltr'>exsequenda,</span> <span class='ocrx_word' id='word_1_366' title='bbox 824 3895 879 3934; x_wconf 87' lang='lat' dir='ltr'>non</span> <span class='ocrx_word' id='word_1_367' title='bbox 904 3879 1041 3946; x_wconf 85' lang='lat' dir='ltr'>prohiberi</span> 
     </span>
     <span class='ocr_line' id='line_1_55' title="bbox 235 3947 1042 4016; baseline -0.002 -14"><span class='ocrx_word' id='word_1_368' title='bbox 235 3967 317 4002; x_wconf 92' lang='lat' dir='ltr'>unum</span> <span class='ocrx_word' id='word_1_369' title='bbox 343 3947 507 4016; x_wconf 89' lang='lat' dir='ltr'>eundemque</span> <span class='ocrx_word' id='word_1_370' title='bbox 531 3951 715 4002; x_wconf 86' lang='lat' dir='ltr'>exsecutorem</span> <span class='ocrx_word' id='word_1_371' title='bbox 741 3949 775 4000; x_wconf 85' lang='lat' dir='ltr'>ab</span> <span class='ocrx_word' id='word_1_372' title='bbox 801 3949 852 4000; x_wconf 87' lang='lat' dir='ltr'>bac</span> <span class='ocrx_word' id='word_1_373' title='bbox 878 3949 943 4000; x_wconf 89' lang='lat' dir='ltr'>urbe</span> <span class='ocrx_word' id='word_1_374' title='bbox 968 3949 1042 4014; x_wconf 81' lang='lat' dir='ltr'>regia</span> 
     </span>
     <span class='ocr_line' id='line_1_56' title="bbox 233 4015 1041 4086; baseline -0.002 -16"><span class='ocrx_word' id='word_1_375' title='bbox 233 4017 446 4086; x_wconf 87' lang='lat' dir='ltr'>proficiscentem</span> <span class='ocrx_word' id='word_1_376' title='bbox 455 4017 567 4080; x_wconf 86' lang='lat' dir='ltr'>duorum</span> <span class='ocrx_word' id='word_1_377' title='bbox 577 4017 662 4084; x_wconf 89' lang='lat' dir='ltr'>simul,</span> <span class='ocrx_word' id='word_1_378' title='bbox 681 4033 734 4072; x_wconf 91' lang='lat' dir='ltr'>non</span> <span class='ocrx_word' id='word_1_379' title='bbox 749 4015 865 4086; x_wconf 82' lang='lat' dir='ltr'>plurium</span> <span class='ocrx_word' id='word_1_380' title='bbox 874 4015 1041 4084; x_wconf 85' lang='lat' dir='ltr'>negotiorum</span> 
     </span>
    </p>
   </div>
   <div class='ocr_carea' id='block_1_8' title="bbox 255 4133 605 4142">
    <p class='ocr_par' dir='ltr' id='par_1_8' title="bbox 255 4133 605 4142">
     <span class='ocr_line' id='line_1_57' title="bbox 255 4133 605 4142; baseline 0 0"><span class='ocrx_word' id='word_1_381' title='bbox 255 4135 267 4142; x_wconf 76' lang='grc' dir='ltr'>-ι</span> <span class='ocrx_word' id='word_1_382' title='bbox 272 4135 413 4142; x_wconf 57' lang='grc' dir='ltr'>κμμ--ιι---ωμη</span> <span class='ocrx_word' id='word_1_383' title='bbox 417 4133 537 4140; x_wconf 58' lang='grc' dir='ltr'>-ηη--η-</span> <span class='ocrx_word' id='word_1_384' title='bbox 545 4135 605 4142; x_wconf 72' lang='grc' dir='ltr'>ι-ι--ι</span> 
     </span>
    </p>
   </div>
   <div class='ocr_carea' id='block_1_9' title="bbox 235 4189 1038 4526">
    <p class='ocr_par' dir='ltr' id='par_1_9' title="bbox 235 4189 1038 4526">
     <span class='ocr_line' id='line_1_58' title="bbox 235 4189 1035 4256; baseline -0.005 -14"><span class='ocrx_word' id='word_1_385' title='bbox 235 4193 266 4256; x_wconf 89' lang='grc'>(1)</span> <span class='ocrx_word' id='word_1_386' title='bbox 284 4189 401 4240; x_wconf 79' lang='lat' dir='ltr'>nealal.</span> <span class='ocrx_word' id='word_1_387' title='bbox 413 4189 456 4240; x_wconf 82' lang='lat' dir='ltr'>Ta</span> <span class='ocrx_word' id='word_1_388' title='bbox 468 4191 533 4254; x_wconf 87' lang='grc'>2,11,</span> <span class='ocrx_word' id='word_1_389' title='bbox 545 4201 566 4252; x_wconf 87' lang='grc' dir='ltr'>ο,</span> <span class='ocrx_word' id='word_1_390' title='bbox 584 4203 642 4240; x_wconf 87' lang='lat' dir='ltr'>non.</span> <span class='ocrx_word' id='word_1_391' title='bbox 651 4189 708 4238; x_wconf 87' lang='lat' dir='ltr'>Iun.</span> <span class='ocrx_word' id='word_1_392' title='bbox 721 4189 764 4240; x_wconf 77' lang='grc'>271.</span> <span class='ocrx_word' id='word_1_393' title='bbox 775 4191 798 4252; x_wconf 80' lang='grc'>7,</span> <span class='ocrx_word' id='word_1_394' title='bbox 808 4199 840 4250; x_wconf 86' lang='grc'>11,</span> <span class='ocrx_word' id='word_1_395' title='bbox 851 4199 862 4240; x_wconf 85' lang='grc' dir='ltr'><strong><em>ο</em></strong></span> <span class='ocrx_word' id='word_1_396' title='bbox 904 4189 937 4252; x_wconf 84' lang='grc'>(1)</span> <span class='ocrx_word' id='word_1_397' title='bbox 947 4213 980 4232; x_wconf 84' lang='lat'><em>=</em></span> <span class='ocrx_word' id='word_1_398' title='bbox 990 4189 1035 4240; x_wconf 82' lang='grc' dir='ltr'>Τί.</span> 
     </span>
     <span class='ocr_line' id='line_1_59' title="bbox 235 4255 1035 4324; baseline -0.008 -12"><span class='ocrx_word' id='word_1_399' title='bbox 235 4263 258 4322; x_wconf 87' lang='grc'>8,</span> <span class='ocrx_word' id='word_1_400' title='bbox 278 4271 298 4322; x_wconf 80' lang='grc'>8,</span> <span class='ocrx_word' id='word_1_401' title='bbox 317 4269 330 4310; x_wconf 86' lang='grc'>9</span> <span class='ocrx_word' id='word_1_402' title='bbox 382 4260 413 4321; x_wconf 85' lang='grc'>(3)</span> <span class='ocrx_word' id='word_1_403' title='bbox 431 4273 474 4324; x_wconf 88' lang='lat' dir='ltr'>per</span> <span class='ocrx_word' id='word_1_404' title='bbox 491 4257 557 4306; x_wconf 84' lang='lat' dir='ltr'>vices</span> <span class='ocrx_word' id='word_1_405' title='bbox 574 4259 614 4306; x_wconf 88' lang='lat' dir='ltr'>off.</span> <span class='ocrx_word' id='word_1_406' title='bbox 634 4277 677 4306; x_wconf 85' lang='lat' dir='ltr'>am.</span> <span class='ocrx_word' id='word_1_407' title='bbox 697 4259 742 4308; x_wconf 89' lang='grc' dir='ltr'><strong><em>ΤΙι.</em></strong></span> <span class='ocrx_word' id='word_1_408' title='bbox 794 4257 825 4320; x_wconf 85' lang='grc'>(1)</span> <span class='ocrx_word' id='word_1_409' title='bbox 844 4255 1035 4320; x_wconf 84' lang='lat' dir='ltr'>subelegioins.</span> 
     </span>
     <span class='ocr_line' id='line_1_60' title="bbox 235 4327 1036 4392; baseline -0.002 -14"><span class='ocrx_word' id='word_1_410' title='bbox 235 4329 281 4378; x_wconf 80' lang='lat' dir='ltr'>Ti.</span> <span class='ocrx_word' id='word_1_411' title='bbox 332 4327 363 4390; x_wconf 81' lang='grc'>(5)</span> <span class='ocrx_word' id='word_1_412' title='bbox 380 4327 470 4376; x_wconf 85' lang='lat' dir='ltr'>iterare</span> <span class='ocrx_word' id='word_1_413' title='bbox 489 4327 534 4378; x_wconf 84' lang='grc' dir='ltr'>Τλ.</span> <span class='ocrx_word' id='word_1_414' title='bbox 587 4327 621 4390; x_wconf 83' lang='grc'>(1)</span> <span class='ocrx_word' id='word_1_415' title='bbox 637 4350 672 4370; x_wconf 83' lang='lat'>=</span> <span class='ocrx_word' id='word_1_416' title='bbox 689 4327 734 4376; x_wconf 80' lang='lat' dir='ltr'>Ti.</span> <span class='ocrx_word' id='word_1_417' title='bbox 751 4327 774 4390; x_wconf 84' lang='lat'>8,</span> <span class='ocrx_word' id='word_1_418' title='bbox 785 4337 806 4388; x_wconf 82' lang='lat'>8,</span> <span class='ocrx_word' id='word_1_419' title='bbox 816 4337 853 4378; x_wconf 87' lang='lat' dir='ltr'>to:</span> <span class='ocrx_word' id='word_1_420' title='bbox 872 4327 944 4392; x_wconf 83' lang='lat' dir='ltr'>ianpe</span> <span class='ocrx_word' id='word_1_421' title='bbox 961 4327 985 4388; x_wconf 79' lang='lat'>4,</span> <span class='ocrx_word' id='word_1_422' title='bbox 996 4337 1036 4388; x_wconf 81' lang='grc'>1,1</span> 
     </span>
     <span class='ocr_line' id='line_1_61' title="bbox 235 4395 1038 4462; baseline 0 -18"><span class='ocrx_word' id='word_1_423' title='bbox 235 4407 256 4446; x_wconf 82' lang='lat' dir='ltr'>et</span> <span class='ocrx_word' id='word_1_424' title='bbox 274 4415 336 4462; x_wconf 85' lang='lat' dir='ltr'>quae</span> <span class='ocrx_word' id='word_1_425' title='bbox 353 4397 389 4444; x_wconf 84' lang='lat' dir='ltr'>ibi</span> <span class='ocrx_word' id='word_1_426' title='bbox 411 4395 542 4446; x_wconf 82' lang='lat' dir='ltr'>laedantur</span> <span class='ocrx_word' id='word_1_427' title='bbox 602 4395 685 4458; x_wconf 58' lang='grc' dir='ltr'>(1)π-η</span> <span class='ocrx_word' id='word_1_428' title='bbox 704 4395 750 4446; x_wconf 82' lang='grc' dir='ltr'>Τά.</span> <span class='ocrx_word' id='word_1_429' title='bbox 770 4395 809 4456; x_wconf 85' lang='grc'>12,</span> <span class='ocrx_word' id='word_1_430' title='bbox 828 4405 849 4456; x_wconf 88' lang='grc'>6,</span> <span class='ocrx_word' id='word_1_431' title='bbox 869 4405 903 4456; x_wconf 83' lang='grc'>32,</span> <span class='ocrx_word' id='word_1_432' title='bbox 923 4405 946 4444; x_wconf 73' lang='grc'>21</span> <span class='ocrx_word' id='word_1_433' title='bbox 965 4395 1038 4460; x_wconf 82' lang='lat' dir='ltr'>inape</span> 
     </span>
     <span class='ocr_line' id='line_1_62' title="bbox 237 4463 1037 4526; baseline -0.005 -12"><span class='ocrx_word' id='word_1_434' title='bbox 237 4467 275 4526; x_wconf 85' lang='lat' dir='ltr'>tu,</span> <span class='ocrx_word' id='word_1_435' title='bbox 293 4475 329 4526; x_wconf 81' lang='lat' dir='ltr'>tn,</span> <span class='ocrx_word' id='word_1_436' title='bbox 346 4475 370 4514; x_wconf 79' lang='lat' dir='ltr'>ts</span> <span class='ocrx_word' id='word_1_437' title='bbox 390 4465 434 4514; x_wconf 77' lang='lat' dir='ltr'>tn.</span> <span class='ocrx_word' id='word_1_438' title='bbox 455 4465 492 4526; x_wconf 93' lang='grc'>11,</span> <span class='ocrx_word' id='word_1_439' title='bbox 512 4475 529 4524; x_wconf 88' lang='grc'>1,</span> <span class='ocrx_word' id='word_1_440' title='bbox 550 4471 577 4514; x_wconf 82' lang='lat' dir='ltr'>et</span> <span class='ocrx_word' id='word_1_441' title='bbox 646 4465 680 4526; x_wconf 86' lang='grc'>(8)</span> <span class='ocrx_word' id='word_1_442' title='bbox 697 4465 784 4512; x_wconf 86' lang='lat' dir='ltr'>contra</span> <span class='ocrx_word' id='word_1_443' title='bbox 806 4463 867 4510; x_wconf 87' lang='lat' dir='ltr'>baec</span> <span class='ocrx_word' id='word_1_444' title='bbox 887 4465 973 4510; x_wconf 88' lang='lat' dir='ltr'>nostra</span> <span class='ocrx_word' id='word_1_445' title='bbox 992 4463 1037 4512; x_wconf 86' lang='grc' dir='ltr'><strong><em>Τίι.</em></strong></span> 
     </span>
    </p>
   </div>
   <div class='ocr_carea' id='block_1_10' title="bbox 230 4659 1065 5892">
    <p class='ocr_par' dir='ltr' id='par_1_10' title="bbox 230 4659 1065 5892">
     <span class='ocr_line' id='line_1_63' title="bbox 266 4659 1065 4734; baseline -0.005 -16"><span class='ocrx_word' id='word_1_446' title='bbox 266 4663 317 4718; x_wconf 86' lang='lat' dir='ltr'>LX</span> <span class='ocrx_word' id='word_1_447' title='bbox 335 4659 351 4718; x_wconf 86' lang='grc'>7</span> <span class='ocrx_word' id='word_1_448' title='bbox 371 4659 535 4734; x_wconf 80' lang='lat' dir='ltr'>Quicumque</span> <span class='ocrx_word' id='word_1_449' title='bbox 548 4663 665 4718; x_wconf 84' lang='lat' dir='ltr'>clinicam</span> <span class='ocrx_word' id='word_1_450' title='bbox 680 4663 825 4718; x_wconf 85' lang='lat' dir='ltr'>iussionem</span> <span class='ocrx_word' id='word_1_451' title='bbox 839 4661 881 4716; x_wconf 92' lang='lat' dir='ltr'>oel</span> <span class='ocrx_word' id='word_1_452' title='bbox 894 4661 1039 4732; x_wconf 86' lang='lat' dir='ltr'>mapistra-</span> <span class='ocrx_word' id='word_1_453' title='bbox 1061 4661 1065 4678; x_wconf 91' lang='lat'>&#39;</span> 
     </span>
     <span class='ocr_line' id='line_1_64' title="bbox 235 4729 1039 4804; baseline -0.002 -18"><span class='ocrx_word' id='word_1_454' title='bbox 235 4739 278 4786; x_wconf 90' lang='lat' dir='ltr'>tas</span> <span class='ocrx_word' id='word_1_455' title='bbox 290 4735 467 4804; x_wconf 86' lang='lat' dir='ltr'>praereptam</span> <span class='ocrx_word' id='word_1_456' title='bbox 489 4731 656 4802; x_wconf 71' lang='lat' dir='ltr'>recoquitur,</span> <span class='ocrx_word' id='word_1_457' title='bbox 674 4729 802 4804; x_wconf 81' lang='lat' dir='ltr'>praesidi</span> <span class='ocrx_word' id='word_1_458' title='bbox 818 4729 901 4802; x_wconf 85' lang='lat' dir='ltr'>prius</span> <span class='ocrx_word' id='word_1_459' title='bbox 923 4729 953 4782; x_wconf 83' lang='lat' dir='ltr'>iri</span> <span class='ocrx_word' id='word_1_460' title='bbox 974 4729 1039 4784; x_wconf 88' lang='lat' dir='ltr'>insi-</span> 
     </span>
     <span class='ocr_line' id='line_1_65' title="bbox 233 4797 1041 4876; baseline -0.002 -22"><span class='ocrx_word' id='word_1_461' title='bbox 233 4817 318 4856; x_wconf 86' lang='lat' dir='ltr'>nuare</span> <span class='ocrx_word' id='word_1_462' title='bbox 335 4797 423 4862; x_wconf 80' lang='lat' dir='ltr'>debet,</span> <span class='ocrx_word' id='word_1_463' title='bbox 441 4803 472 4852; x_wconf 86' lang='lat' dir='ltr'>at</span> <span class='ocrx_word' id='word_1_464' title='bbox 482 4815 597 4868; x_wconf 87' lang='lat' dir='ltr'>praeses</span> <span class='ocrx_word' id='word_1_465' title='bbox 615 4799 717 4864; x_wconf 83' lang='lat' dir='ltr'>uideat,</span> <span class='ocrx_word' id='word_1_466' title='bbox 737 4815 769 4852; x_wconf 89' lang='lat' dir='ltr'>ae</span> <span class='ocrx_word' id='word_1_467' title='bbox 787 4797 855 4876; x_wconf 77' lang='lat' dir='ltr'>quial</span> <span class='ocrx_word' id='word_1_468' title='bbox 869 4797 937 4870; x_wconf 84' lang='lat' dir='ltr'>falsi</span> <span class='ocrx_word' id='word_1_469' title='bbox 953 4797 1041 4852; x_wconf 82' lang='lat' dir='ltr'>subsit</span> 
     </span>
     <span class='ocr_line' id='line_1_66' title="bbox 236 4865 1038 4938; baseline -0.002 -16"><span class='ocrx_word' id='word_1_470' title='bbox 236 4875 246 4922; x_wconf 90' lang='lat'>1</span> <span class='ocrx_word' id='word_1_471' title='bbox 284 4867 326 4924; x_wconf 88' lang='lat' dir='ltr'>ael</span> <span class='ocrx_word' id='word_1_472' title='bbox 343 4865 464 4938; x_wconf 84' lang='lat' dir='ltr'>obreptio</span> <span class='ocrx_word' id='word_1_473' title='bbox 488 4867 529 4918; x_wconf 86' lang='lat' dir='ltr'>nel</span> <span class='ocrx_word' id='word_1_474' title='bbox 551 4867 654 4936; x_wconf 80' lang='lat' dir='ltr'>lepidus</span> <span class='ocrx_word' id='word_1_475' title='bbox 676 4873 851 4922; x_wconf 79' lang='lat' dir='ltr'>contrarium.</span> <span class='ocrx_word' id='word_1_476' title='bbox 887 4865 1038 4920; x_wconf 81' lang='lat' dir='ltr'>Easecatio</span> 
     </span>
     <span class='ocr_line' id='line_1_67' title="bbox 233 4933 1039 5008; baseline -0.005 -16"><span class='ocrx_word' id='word_1_477' title='bbox 233 4941 323 4992; x_wconf 89' lang='lat' dir='ltr'>autem</span> <span class='ocrx_word' id='word_1_478' title='bbox 336 4941 363 4990; x_wconf 89' lang='lat' dir='ltr'>ct</span> <span class='ocrx_word' id='word_1_479' title='bbox 377 4951 429 5008; x_wconf 89' lang='lat' dir='ltr'>per</span> <span class='ocrx_word' id='word_1_480' title='bbox 445 4933 609 5004; x_wconf 73' lang='lat' dir='ltr'>recepturam</span> <span class='ocrx_word' id='word_1_481' title='bbox 624 4933 792 4990; x_wconf 67' lang='grc' dir='ltr'><strong><em>πνέοισαν</em></strong></span> <span class='ocrx_word' id='word_1_482' title='bbox 812 4939 873 4988; x_wconf 88' lang='lat' dir='ltr'>tara</span> <span class='ocrx_word' id='word_1_483' title='bbox 881 4935 924 5002; x_wconf 73' lang='lat' dir='ltr'>pit,</span> <span class='ocrx_word' id='word_1_484' title='bbox 941 4933 1039 4988; x_wconf 80' lang='lat' dir='ltr'>dirime</span> 
     </span>
     <span class='ocr_line' id='line_1_68' title="bbox 232 5001 1040 5074; baseline -0.005 -14"><span class='ocrx_word' id='word_1_485' title='bbox 232 5005 354 5060; x_wconf 83' lang='lat' dir='ltr'>videlicet</span> <span class='ocrx_word' id='word_1_486' title='bbox 361 5001 505 5074; x_wconf 87' lang='lat' dir='ltr'>scripturis</span> <span class='ocrx_word' id='word_1_487' title='bbox 509 5003 664 5072; x_wconf 88' lang='lat' dir='ltr'>propositis</span> <span class='ocrx_word' id='word_1_488' title='bbox 673 5011 699 5058; x_wconf 92' lang='lat' dir='ltr'>et</span> <span class='ocrx_word' id='word_1_489' title='bbox 707 5005 779 5058; x_wconf 86' lang='lat' dir='ltr'>amai</span> <span class='ocrx_word' id='word_1_490' title='bbox 798 5001 1040 5074; x_wconf 83' lang='lat' dir='ltr'>espossessorilras</span> 
     </span>
     <span class='ocr_line' id='line_1_69' title="bbox 233 5071 1036 5144; baseline -0.007 -16"><span class='ocrx_word' id='word_1_491' title='bbox 233 5073 281 5144; x_wconf 88' lang='lat' dir='ltr'>qai</span> <span class='ocrx_word' id='word_1_492' title='bbox 297 5071 396 5128; x_wconf 79' lang='lat' dir='ltr'>adurat</span> <span class='ocrx_word' id='word_1_493' title='bbox 417 5087 473 5124; x_wconf 87' lang='grc' dir='ltr'><strong><em>ιιιια</em></strong></span> <span class='ocrx_word' id='word_1_494' title='bbox 491 5085 549 5122; x_wconf 91' lang='lat' dir='ltr'>cam</span> <span class='ocrx_word' id='word_1_495' title='bbox 568 5085 598 5122; x_wconf 91' lang='lat' dir='ltr'>eo</span> <span class='ocrx_word' id='word_1_496' title='bbox 622 5071 820 5140; x_wconf 82' lang='lat' dir='ltr'>inquisitionem</span> <span class='ocrx_word' id='word_1_497' title='bbox 833 5071 1036 5142; x_wconf 81' lang='lat' dir='ltr'>perapentilrus.</span> 
     </span>
     <span class='ocr_line' id='line_1_70' title="bbox 234 5135 1038 5208; baseline -0.005 -12"><span class='ocrx_word' id='word_1_498' title='bbox 234 5149 247 5196; x_wconf 89' lang='grc'>2</span> <span class='ocrx_word' id='word_1_499' title='bbox 284 5139 321 5194; x_wconf 77' lang='lat' dir='ltr'>ae</span> <span class='ocrx_word' id='word_1_500' title='bbox 342 5141 366 5194; x_wconf 90' lang='lat' dir='ltr'>si</span> <span class='ocrx_word' id='word_1_501' title='bbox 387 5139 452 5194; x_wconf 84' lang='lat' dir='ltr'>bene</span> <span class='ocrx_word' id='word_1_502' title='bbox 473 5155 502 5194; x_wconf 86' lang='lat' dir='ltr'>se</span> <span class='ocrx_word' id='word_1_503' title='bbox 524 5135 623 5190; x_wconf 82' lang='lat' dir='ltr'>dolere</span> <span class='ocrx_word' id='word_1_504' title='bbox 639 5137 783 5204; x_wconf 85' lang='lat' dir='ltr'>inuenerit,</span> <span class='ocrx_word' id='word_1_505' title='bbox 807 5137 941 5196; x_wconf 75' lang='lat' dir='ltr'>numilem</span> <span class='ocrx_word' id='word_1_506' title='bbox 953 5153 1038 5208; x_wconf 89' lang='lat' dir='ltr'>prae-</span> 
     </span>
     <span class='ocr_line' id='line_1_71' title="bbox 232 5203 1033 5280; baseline -0.005 -16"><span class='ocrx_word' id='word_1_507' title='bbox 232 5215 301 5264; x_wconf 84' lang='lat' dir='ltr'>stat:</span> <span class='ocrx_word' id='word_1_508' title='bbox 317 5209 359 5262; x_wconf 86' lang='lat' dir='ltr'>sin</span> <span class='ocrx_word' id='word_1_509' title='bbox 368 5207 411 5262; x_wconf 86' lang='lat' dir='ltr'>cel</span> <span class='ocrx_word' id='word_1_510' title='bbox 422 5213 516 5280; x_wconf 85' lang='lat' dir='ltr'>aperte</span> <span class='ocrx_word' id='word_1_511' title='bbox 528 5203 750 5276; x_wconf 86' lang='lat' dir='ltr'>falsumessecel</span> <span class='ocrx_word' id='word_1_512' title='bbox 762 5205 787 5260; x_wconf 92' lang='lat' dir='ltr'>le</span> <span class='ocrx_word' id='word_1_513' title='bbox 807 5207 1033 5278; x_wconf 87' lang='lat' dir='ltr'>iapcrteeoatra·</span> 
     </span>
     <span class='ocr_line' id='line_1_72' title="bbox 232 5273 1038 5346; baseline -0.005 -14"><span class='ocrx_word' id='word_1_514' title='bbox 232 5277 515 5342; x_wconf 86' lang='lat' dir='ltr'>riamiarcaerit,aoa</span> <span class='ocrx_word' id='word_1_515' title='bbox 530 5273 774 5344; x_wconf 82' lang='lat' dir='ltr'>debeteaseqai,se</span> <span class='ocrx_word' id='word_1_516' title='bbox 803 5275 839 5328; x_wconf 86' lang='lat' dir='ltr'>ael</span> <span class='ocrx_word' id='word_1_517' title='bbox 846 5275 1038 5346; x_wconf 88' lang='lat' dir='ltr'>imperatorem</span> 
     </span>
     <span class='ocr_line' id='line_1_73' title="bbox 232 5341 1037 5416; baseline -0.002 -18"><span class='ocrx_word' id='word_1_518' title='bbox 232 5347 339 5416; x_wconf 85' lang='lat' dir='ltr'>referre</span> <span class='ocrx_word' id='word_1_519' title='bbox 356 5361 410 5416; x_wconf 90' lang='lat' dir='ltr'>per</span> <span class='ocrx_word' id='word_1_520' title='bbox 433 5341 579 5416; x_wconf 80' lang='lat' dir='ltr'>officialem</span> <span class='ocrx_word' id='word_1_521' title='bbox 602 5341 642 5396; x_wconf 89' lang='lat' dir='ltr'>ael</span> <span class='ocrx_word' id='word_1_522' title='bbox 670 5341 707 5394; x_wconf 85' lang='lat' dir='ltr'>aa</span> <span class='ocrx_word' id='word_1_523' title='bbox 727 5343 816 5414; x_wconf 87' lang='lat' dir='ltr'>ipram</span> <span class='ocrx_word' id='word_1_524' title='bbox 839 5343 1037 5414; x_wconf 86' lang='lat' dir='ltr'>mapistratum,</span> 
     </span>
     <span class='ocr_line' id='line_1_74' title="bbox 233 5409 1038 5484; baseline -0.005 -16"><span class='ocrx_word' id='word_1_525' title='bbox 233 5431 250 5468; x_wconf 92' lang='grc' dir='ltr'>α</span> <span class='ocrx_word' id='word_1_526' title='bbox 269 5431 322 5484; x_wconf 90' lang='lat' dir='ltr'>qao</span> <span class='ocrx_word' id='word_1_527' title='bbox 340 5429 384 5468; x_wconf 90' lang='lat' dir='ltr'>res</span> <span class='ocrx_word' id='word_1_528' title='bbox 399 5413 540 5482; x_wconf 84' lang='lat' dir='ltr'>processit,</span> <span class='ocrx_word' id='word_1_529' title='bbox 560 5413 745 5466; x_wconf 81' lang='lat' dir='ltr'>exsecutorem</span> <span class='ocrx_word' id='word_1_530' title='bbox 760 5415 848 5464; x_wconf 88' lang='lat' dir='ltr'>autern</span> <span class='ocrx_word' id='word_1_531' title='bbox 863 5411 900 5464; x_wconf 82' lang='lat' dir='ltr'>acl</span> <span class='ocrx_word' id='word_1_532' title='bbox 912 5409 1038 5464; x_wconf 82' lang='lat' dir='ltr'>idoneam</span> 
     </span>
     <span class='ocr_line' id='line_1_75' title="bbox 232 5475 1039 5552; baseline -0.005 -16"><span class='ocrx_word' id='word_1_533' title='bbox 232 5481 402 5536; x_wconf 82' lang='lat' dir='ltr'>securitatem</span> <span class='ocrx_word' id='word_1_534' title='bbox 414 5497 605 5552; x_wconf 85' lang='lat' dir='ltr'>personasque</span> <span class='ocrx_word' id='word_1_535' title='bbox 619 5495 636 5530; x_wconf 92' lang='lat' dir='ltr'>a</span> <span class='ocrx_word' id='word_1_536' title='bbox 653 5475 750 5548; x_wconf 84' lang='lat' dir='ltr'>quibus</span> <span class='ocrx_word' id='word_1_537' title='bbox 767 5479 930 5548; x_wconf 80' lang='lat' dir='ltr'>enipenclum</span> <span class='ocrx_word' id='word_1_538' title='bbox 947 5479 1039 5538; x_wconf 82' lang='lat' dir='ltr'>estaol</span> 
     </span>
     <span class='ocr_line' id='line_1_76' title="bbox 230 5545 1037 5622; baseline 0 -20"><span class='ocrx_word' id='word_1_539' title='bbox 230 5549 402 5622; x_wconf 79' lang='lat' dir='ltr'>personalem</span> <span class='ocrx_word' id='word_1_540' title='bbox 419 5549 571 5602; x_wconf 89' lang='lat' dir='ltr'>cautionem</span> <span class='ocrx_word' id='word_1_541' title='bbox 587 5547 645 5602; x_wconf 79' lang='grc' dir='ltr'>ειάε</span> <span class='ocrx_word' id='word_1_542' title='bbox 662 5545 790 5616; x_wconf 88' lang='lat' dir='ltr'>impensis</span> <span class='ocrx_word' id='word_1_543' title='bbox 807 5545 925 5618; x_wconf 83' lang='lat' dir='ltr'>adipcre.</span> <span class='ocrx_word' id='word_1_544' title='bbox 959 5563 1037 5602; x_wconf 80' lang='lat' dir='ltr'>ease-</span> 
     </span>
     <span class='ocr_line' id='line_1_77' title="bbox 233 5611 1038 5686; baseline -0.004 -14"><span class='ocrx_word' id='word_1_545' title='bbox 233 5623 311 5672; x_wconf 86' lang='lat' dir='ltr'>cutor</span> <span class='ocrx_word' id='word_1_546' title='bbox 323 5617 392 5670; x_wconf 88' lang='lat' dir='ltr'>enim</span> <span class='ocrx_word' id='word_1_547' title='bbox 406 5617 555 5670; x_wconf 82' lang='lat' dir='ltr'>indemnem</span> <span class='ocrx_word' id='word_1_548' title='bbox 570 5633 630 5670; x_wconf 89' lang='lat' dir='ltr'>eum</span> <span class='ocrx_word' id='word_1_549' title='bbox 642 5611 805 5686; x_wconf 82' lang='lat' dir='ltr'>praestabit,</span> <span class='ocrx_word' id='word_1_550' title='bbox 823 5615 847 5668; x_wconf 89' lang='lat' dir='ltr'>si</span> <span class='ocrx_word' id='word_1_551' title='bbox 867 5619 963 5668; x_wconf 90' lang='lat' dir='ltr'>temere</span> <span class='ocrx_word' id='word_1_552' title='bbox 977 5633 1038 5668; x_wconf 89' lang='lat' dir='ltr'>eam</span> 
     </span>
     <span class='ocr_line' id='line_1_78' title="bbox 233 5677 1037 5754; baseline -0.005 -14"><span class='ocrx_word' id='word_1_553' title='bbox 233 5691 248 5740; x_wconf 85' lang='grc'>3</span> <span class='ocrx_word' id='word_1_554' title='bbox 284 5685 437 5740; x_wconf 88' lang='lat' dir='ltr'>conoeaisse</span> <span class='ocrx_word' id='word_1_555' title='bbox 459 5685 583 5740; x_wconf 84' lang='lat' dir='ltr'>iacentes</span> <span class='ocrx_word' id='word_1_556' title='bbox 605 5683 699 5754; x_wconf 83' lang='lat' dir='ltr'>suerit.</span> <span class='ocrx_word' id='word_1_557' title='bbox 735 5677 811 5746; x_wconf 83' lang='lat' dir='ltr'>Quae</span> <span class='ocrx_word' id='word_1_558' title='bbox 831 5683 856 5734; x_wconf 90' lang='lat' dir='ltr'>si</span> <span class='ocrx_word' id='word_1_559' title='bbox 877 5683 957 5752; x_wconf 80' lang='lat' dir='ltr'>facta</span> <span class='ocrx_word' id='word_1_560' title='bbox 981 5701 1037 5736; x_wconf 88' lang='lat' dir='ltr'>non</span> 
     </span>
     <span class='ocr_line' id='line_1_79' title="bbox 232 5747 1036 5820; baseline 0 -14"><span class='ocrx_word' id='word_1_561' title='bbox 232 5759 320 5818; x_wconf 87' lang='lat' dir='ltr'>erant,</span> <span class='ocrx_word' id='word_1_562' title='bbox 338 5757 483 5808; x_wconf 85' lang='lat' dir='ltr'>conventas</span> <span class='ocrx_word' id='word_1_563' title='bbox 493 5747 827 5820; x_wconf 76' lang='lat' dir='ltr'>assecutionemrapellet:</span> <span class='ocrx_word' id='word_1_564' title='bbox 842 5767 1036 5818; x_wconf 87' lang='lat' dir='ltr'>praesesoero,</span> 
     </span>
     <span class='ocr_line' id='line_1_80' title="bbox 233 5815 1038 5892; baseline 0 -20"><span class='ocrx_word' id='word_1_565' title='bbox 233 5819 271 5872; x_wconf 91' lang='lat' dir='ltr'>aal</span> <span class='ocrx_word' id='word_1_566' title='bbox 287 5837 363 5892; x_wconf 88' lang='lat' dir='ltr'>quem</span> <span class='ocrx_word' id='word_1_567' title='bbox 380 5821 463 5874; x_wconf 86' lang='lat' dir='ltr'>iussio</span> <span class='ocrx_word' id='word_1_568' title='bbox 482 5821 585 5876; x_wconf 84' lang='lat' dir='ltr'>directa</span> <span class='ocrx_word' id='word_1_569' title='bbox 602 5821 662 5888; x_wconf 85' lang='lat' dir='ltr'>erit,</span> <span class='ocrx_word' id='word_1_570' title='bbox 686 5827 734 5872; x_wconf 77' lang='lat' dir='ltr'>aar</span> <span class='ocrx_word' id='word_1_571' title='bbox 749 5815 872 5870; x_wconf 84' lang='lat' dir='ltr'>similiter</span> <span class='ocrx_word' id='word_1_572' title='bbox 888 5817 959 5872; x_wconf 87' lang='lat' dir='ltr'>alias</span> <span class='ocrx_word' id='word_1_573' title='bbox 977 5821 1038 5890; x_wconf 90' lang='lat' dir='ltr'>qais</span> 
     </span>
    </p>
   </div>
   <div class='ocr_carea' id='block_1_11' title="bbox 1093 535 1897 1214">
    <p class='ocr_par' dir='ltr' id='par_1_11' title="bbox 1093 535 1897 1214">
     <span class='ocr_line' id='line_1_81' title="bbox 1094 535 1896 608; baseline -0.007 -16"><span class='ocrx_word' id='word_1_574' title='bbox 1094 539 1291 592; x_wconf 84' lang='lat' dir='ltr'>exsecutionem</span> <span class='ocrx_word' id='word_1_575' title='bbox 1304 537 1448 604; x_wconf 86' lang='lat' dir='ltr'>suscipere,</span> <span class='ocrx_word' id='word_1_576' title='bbox 1467 539 1528 590; x_wconf 89' lang='lat' dir='ltr'>dum</span> <span class='ocrx_word' id='word_1_577' title='bbox 1541 539 1590 608; x_wconf 88' lang='lat' dir='ltr'>ipsi</span> <span class='ocrx_word' id='word_1_578' title='bbox 1610 551 1713 606; x_wconf 89' lang='lat' dir='ltr'>qnoque</span> <span class='ocrx_word' id='word_1_579' title='bbox 1731 535 1802 588; x_wconf 90' lang='lat' dir='ltr'>tertii</span> <span class='ocrx_word' id='word_1_580' title='bbox 1818 549 1896 602; x_wconf 80' lang='lat' dir='ltr'>nego-</span> 
     </span>
     <span class='ocr_line' id='line_1_82' title="bbox 1093 603 1897 674; baseline -0.005 -14"><span class='ocrx_word' id='word_1_581' title='bbox 1093 607 1123 660; x_wconf 89' lang='lat' dir='ltr'>tii</span> <span class='ocrx_word' id='word_1_582' title='bbox 1137 623 1191 660; x_wconf 92' lang='lat' dir='ltr'>non</span> <span class='ocrx_word' id='word_1_583' title='bbox 1204 607 1266 658; x_wconf 77' lang='lat' dir='ltr'>sit¹²</span> <span class='ocrx_word' id='word_1_584' title='bbox 1283 607 1476 672; x_wconf 63' lang='lat' dir='ltr'>iniungendiffl,</span> <span class='ocrx_word' id='word_1_585' title='bbox 1495 609 1636 672; x_wconf 87' lang='lat' dir='ltr'>antequam</span> <span class='ocrx_word' id='word_1_586' title='bbox 1655 603 1836 674; x_wconf 84' lang='lat' dir='ltr'>superioribus</span> <span class='ocrx_word' id='word_1_587' title='bbox 1857 617 1897 656; x_wconf 92' lang='lat' dir='ltr'>re-</span> 
     </span>
     <span class='ocr_line' id='line_1_83' title="bbox 1094 673 1896 742; baseline -0.009 -12"><span class='ocrx_word' id='word_1_588' title='bbox 1094 681 1108 730; x_wconf 94' lang='grc'>2</span> <span class='ocrx_word' id='word_1_589' title='bbox 1144 689 1270 742; x_wconf 87' lang='lat' dir='ltr'>sponsum</span> <span class='ocrx_word' id='word_1_590' title='bbox 1293 673 1446 742; x_wconf 85' lang='lat' dir='ltr'>portaverit.</span> <span class='ocrx_word' id='word_1_591' title='bbox 1487 673 1696 730; x_wconf 81' lang='lat' dir='ltr'>Exsecutoribus</span> <span class='ocrx_word' id='word_1_592' title='bbox 1717 673 1770 736; x_wconf 90' lang='lat' dir='ltr'>his,</span> <span class='ocrx_word' id='word_1_593' title='bbox 1793 673 1838 740; x_wconf 90' lang='lat' dir='ltr'>qui</span> <span class='ocrx_word' id='word_1_594' title='bbox 1856 685 1896 724; x_wconf 93' lang='lat' dir='ltr'>se-</span> 
     </span>
     <span class='ocr_line' id='line_1_84' title="bbox 1094 741 1896 806; baseline -0.007 -10"><span class='ocrx_word' id='word_1_595' title='bbox 1094 745 1214 804; x_wconf 86' lang='lat' dir='ltr'>cundam,</span> <span class='ocrx_word' id='word_1_596' title='bbox 1232 741 1256 796; x_wconf 92' lang='lat' dir='ltr'>si</span> <span class='ocrx_word' id='word_1_597' title='bbox 1274 757 1327 794; x_wconf 90' lang='lat' dir='ltr'>non</span> <span class='ocrx_word' id='word_1_598' title='bbox 1340 741 1418 796; x_wconf 86' lang='lat' dir='ltr'>simul</span> <span class='ocrx_word' id='word_1_599' title='bbox 1433 741 1508 806; x_wconf 86' lang='lat' dir='ltr'>duas,</span> <span class='ocrx_word' id='word_1_600' title='bbox 1526 741 1657 796; x_wconf 80' lang='lat' dir='ltr'>ueletiam</span> <span class='ocrx_word' id='word_1_601' title='bbox 1672 741 1775 796; x_wconf 86' lang='lat' dir='ltr'>tertiam</span> <span class='ocrx_word' id='word_1_602' title='bbox 1790 755 1896 792; x_wconf 87' lang='lat' dir='ltr'>causam</span> 
     </span>
     <span class='ocr_line' id='line_1_85' title="bbox 1093 805 1896 880; baseline -0.006 -17"><span class='ocrx_word' id='word_1_603' title='bbox 1093 811 1166 880; x_wconf 90' lang='lat' dir='ltr'>passi</span> <span class='ocrx_word' id='word_1_604' title='bbox 1182 809 1281 862; x_wconf 75' lang='lat' dir='ltr'>ineunt</span> <span class='ocrx_word' id='word_1_605' title='bbox 1295 811 1491 876; x_wconf 86' lang='lat' dir='ltr'>exsequendam</span> <span class='ocrx_word' id='word_1_606' title='bbox 1505 809 1648 876; x_wconf 85' lang='lat' dir='ltr'>suscipere,</span> <span class='ocrx_word' id='word_1_607' title='bbox 1667 827 1720 864; x_wconf 88' lang='lat' dir='ltr'>nan</span> <span class='ocrx_word' id='word_1_608' title='bbox 1739 811 1822 862; x_wconf 89' lang='lat' dir='ltr'>solum</span> <span class='ocrx_word' id='word_1_609' title='bbox 1841 805 1896 860; x_wconf 90' lang='lat' dir='ltr'>cin-</span> 
     </span>
     <span class='ocr_line' id='line_1_86' title="bbox 1093 875 1896 946; baseline -0.007 -14"><span class='ocrx_word' id='word_1_610' title='bbox 1093 879 1147 946; x_wconf 83' lang='lat' dir='ltr'>guli</span> <span class='ocrx_word' id='word_1_611' title='bbox 1171 883 1197 932; x_wconf 88' lang='lat' dir='ltr'>et</span> <span class='ocrx_word' id='word_1_612' title='bbox 1220 879 1350 932; x_wconf 90' lang='lat' dir='ltr'>bonorum</span> <span class='ocrx_word' id='word_1_613' title='bbox 1376 893 1484 930; x_wconf 86' lang='lat' dir='ltr'>sucrum</span> <span class='ocrx_word' id='word_1_614' title='bbox 1507 877 1686 944; x_wconf 84' lang='lat' dir='ltr'>amissionem,</span> <span class='ocrx_word' id='word_1_615' title='bbox 1705 895 1793 932; x_wconf 85' lang='lat' dir='ltr'>verum</span> <span class='ocrx_word' id='word_1_616' title='bbox 1818 875 1896 928; x_wconf 87' lang='lat' dir='ltr'>etiam</span> 
     </span>
     <span class='ocr_line' id='line_1_87' title="bbox 1094 945 1896 1014; baseline -0.005 -14"><span class='ocrx_word' id='word_1_617' title='bbox 1094 955 1108 1000; x_wconf 79' lang='lat'><strong>3</strong></span> <span class='ocrx_word' id='word_1_618' title='bbox 1143 947 1266 1014; x_wconf 89' lang='lat' dir='ltr'>perpetui</span> <span class='ocrx_word' id='word_1_619' title='bbox 1283 947 1369 1000; x_wconf 85' lang='lat' dir='ltr'>exsilii</span> <span class='ocrx_word' id='word_1_620' title='bbox 1387 945 1546 1014; x_wconf 88' lang='lat' dir='ltr'>supplicium</span> <span class='ocrx_word' id='word_1_621' title='bbox 1562 945 1699 1000; x_wconf 89' lang='lat' dir='ltr'>subituris.</span> <span class='ocrx_word' id='word_1_622' title='bbox 1725 945 1896 1012; x_wconf 86' lang='lat' dir='ltr'>Eandemque</span> 
     </span>
     <span class='ocr_line' id='line_1_88' title="bbox 1093 1015 1895 1082; baseline -0.002 -16"><span class='ocrx_word' id='word_1_623' title='bbox 1093 1015 1162 1066; x_wconf 92' lang='lat' dir='ltr'>banc</span> <span class='ocrx_word' id='word_1_624' title='bbox 1181 1029 1295 1082; x_wconf 89' lang='lat' dir='ltr'>poenam</span> <span class='ocrx_word' id='word_1_625' title='bbox 1310 1015 1489 1068; x_wconf 85' lang='lat' dir='ltr'>numerarium</span> <span class='ocrx_word' id='word_1_626' title='bbox 1508 1029 1613 1082; x_wconf 87' lang='lat' dir='ltr'>quoque</span> <span class='ocrx_word' id='word_1_627' title='bbox 1631 1017 1658 1066; x_wconf 90' lang='lat' dir='ltr'>ct</span> <span class='ocrx_word' id='word_1_628' title='bbox 1675 1015 1731 1068; x_wconf 88' lang='lat' dir='ltr'>eius</span> <span class='ocrx_word' id='word_1_629' title='bbox 1754 1015 1895 1078; x_wconf 75' lang='lat' dir='ltr'>adiutaret,</span> 
     </span>
     <span class='ocr_line' id='line_1_89' title="bbox 1094 1081 1896 1150; baseline -0.005 -14"><span class='ocrx_word' id='word_1_630' title='bbox 1094 1083 1127 1136; x_wconf 86' lang='lat' dir='ltr'>ad</span> <span class='ocrx_word' id='word_1_631' title='bbox 1151 1099 1263 1150; x_wconf 90' lang='lat' dir='ltr'>quorum</span> <span class='ocrx_word' id='word_1_632' title='bbox 1289 1099 1380 1136; x_wconf 87' lang='lat' dir='ltr'>curam</span> <span class='ocrx_word' id='word_1_633' title='bbox 1403 1081 1473 1150; x_wconf 88' lang='lat' dir='ltr'>quod</span> <span class='ocrx_word' id='word_1_634' title='bbox 1493 1081 1620 1136; x_wconf 82' lang='lat' dir='ltr'>violatum</span> <span class='ocrx_word' id='word_1_635' title='bbox 1640 1087 1681 1134; x_wconf 92' lang='lat' dir='ltr'>est</span> <span class='ocrx_word' id='word_1_636' title='bbox 1697 1083 1823 1150; x_wconf 88' lang='lat' dir='ltr'>pertinet,</span> <span class='ocrx_word' id='word_1_637' title='bbox 1841 1081 1896 1134; x_wconf 85' lang='lat' dir='ltr'>for·</span> 
     </span>
     <span class='ocr_line' id='line_1_90' title="bbox 1093 1147 1895 1214; baseline -0.005 -10"><span class='ocrx_word' id='word_1_638' title='bbox 1093 1151 1200 1204; x_wconf 88' lang='lat' dir='ltr'>midare.</span> <span class='ocrx_word' id='word_1_639' title='bbox 1682 1155 1715 1214; x_wconf 91' lang='lat' dir='ltr'>[a.</span> <span class='ocrx_word' id='word_1_640' title='bbox 1735 1147 1895 1210; x_wconf 40' lang='grc'>48548111)</span> 
     </span>
    </p>
   </div>
   <div class='ocr_carea' id='block_1_12' title="bbox 1112 1213 1896 1574">
    <p class='ocr_par' dir='ltr' id='par_1_12' title="bbox 1127 1213 1896 1492">
     <span class='ocr_line' id='line_1_91' title="bbox 1127 1213 1896 1290; baseline -0.005 -20"><span class='ocrx_word' id='word_1_641' title='bbox 1127 1215 1144 1274; x_wconf 85' lang='grc'>7</span> <span class='ocrx_word' id='word_1_642' title='bbox 1169 1219 1251 1270; x_wconf 77' lang='grc' dir='ltr'>ΜΠόιε</span> <span class='ocrx_word' id='word_1_643' title='bbox 1273 1215 1422 1290; x_wconf 81' lang='grc' dir='ltr'><strong><em>ἄνθρωπος</em></strong></span> <span class='ocrx_word' id='word_1_644' title='bbox 1445 1219 1499 1270; x_wconf 84' lang='grc' dir='ltr'><strong><em>εἴτε</em></strong></span> <span class='ocrx_word' id='word_1_645' title='bbox 1520 1219 1604 1270; x_wconf 86' lang='grc' dir='ltr'><strong><em>θείαν</em></strong></span> <span class='ocrx_word' id='word_1_646' title='bbox 1621 1215 1739 1270; x_wconf 84' lang='grc' dir='ltr'><strong><em>νέλευσιν</em></strong></span> <span class='ocrx_word' id='word_1_647' title='bbox 1757 1217 1809 1268; x_wconf 83' lang='grc' dir='ltr'><strong><em>εἴτε</em></strong></span> <span class='ocrx_word' id='word_1_648' title='bbox 1826 1213 1896 1286; x_wconf 85' lang='grc' dir='ltr'><strong><em>ἀρχι-</em></strong></span> 
     </span>
     <span class='ocr_line' id='line_1_92' title="bbox 1160 1283 1896 1358; baseline -0.005 -20"><span class='ocrx_word' id='word_1_649' title='bbox 1160 1285 1209 1354; x_wconf 79' lang='grc' dir='ltr'><strong><em>κήν</em></strong></span> <span class='ocrx_word' id='word_1_650' title='bbox 1223 1285 1373 1358; x_wconf 76' lang='grc' dir='ltr'><strong><em>πρόσταξιν</em></strong></span> <span class='ocrx_word' id='word_1_651' title='bbox 1387 1285 1539 1354; x_wconf 75' lang='grc' dir='ltr'><strong><em>ἐμβιβάζων</em></strong></span> <span class='ocrx_word' id='word_1_652' title='bbox 1553 1283 1652 1354; x_wconf 77' lang='grc' dir='ltr'><strong><em>ὀφείλει</em></strong></span> <span class='ocrx_word' id='word_1_653' title='bbox 1667 1283 1799 1356; x_wconf 86' lang='grc' dir='ltr'><strong><em>πρότερον</em></strong></span> <span class='ocrx_word' id='word_1_654' title='bbox 1814 1289 1896 1354; x_wconf 85' lang='grc' dir='ltr'><strong><em>ἐμφα-</em></strong></span> 
     </span>
     <span class='ocr_line' id='line_1_93' title="bbox 1160 1351 1895 1426; baseline -0.008 -18"><span class='ocrx_word' id='word_1_655' title='bbox 1160 1363 1233 1408; x_wconf 84' lang='grc' dir='ltr'><strong><em>νίσαι</em></strong></span> <span class='ocrx_word' id='word_1_656' title='bbox 1250 1357 1290 1420; x_wconf 76' lang='grc' dir='ltr'><strong><em>τῷ</em></strong></span> <span class='ocrx_word' id='word_1_657' title='bbox 1313 1353 1429 1426; x_wconf 83' lang='grc' dir='ltr'><strong><em>ἄρχοντι,</em></strong></span> <span class='ocrx_word' id='word_1_658' title='bbox 1448 1355 1492 1406; x_wconf 79' lang='grc' dir='ltr'>ἵνα</span> <span class='ocrx_word' id='word_1_659' title='bbox 1515 1351 1530 1406; x_wconf 87' lang='grc' dir='ltr'><strong><em>ό</em></strong></span> <span class='ocrx_word' id='word_1_660' title='bbox 1553 1351 1643 1426; x_wconf 82' lang='grc' dir='ltr'><strong><em>ἄρχων</em></strong></span> <span class='ocrx_word' id='word_1_661' title='bbox 1661 1351 1782 1424; x_wconf 79' lang='grc' dir='ltr'><strong><em>ἐξετάσῃ,</em></strong></span> <span class='ocrx_word' id='word_1_662' title='bbox 1809 1355 1831 1404; x_wconf 82' lang='grc' dir='ltr'>εἰ</span> <span class='ocrx_word' id='word_1_663' title='bbox 1848 1373 1895 1420; x_wconf 89' lang='grc' dir='ltr'>μη-</span> 
     </span>
     <span class='ocr_line' id='line_1_94' title="bbox 1161 1417 1896 1492; baseline -0.007 -18"><span class='ocrx_word' id='word_1_664' title='bbox 1161 1421 1238 1492; x_wconf 87' lang='grc' dir='ltr'><strong><em>δεμία</em></strong></span> <span class='ocrx_word' id='word_1_665' title='bbox 1265 1421 1386 1478; x_wconf 80' lang='grc' dir='ltr'><strong><em>πλαστοῦ</em></strong></span> <span class='ocrx_word' id='word_1_666' title='bbox 1417 1423 1491 1474; x_wconf 82' lang='grc' dir='ltr'><strong><em>αἰτία</em></strong></span> <span class='ocrx_word' id='word_1_667' title='bbox 1517 1425 1592 1474; x_wconf 84' lang='grc' dir='ltr'><strong><em>ἐστὶν</em></strong></span> <span class='ocrx_word' id='word_1_668' title='bbox 1618 1425 1647 1474; x_wconf 87' lang='grc' dir='ltr'><strong><em>ἐν</em></strong></span> <span class='ocrx_word' id='word_1_669' title='bbox 1674 1417 1761 1474; x_wconf 74' lang='grc' dir='ltr'><strong><em>αὐτοῖς</em></strong></span> <span class='ocrx_word' id='word_1_670' title='bbox 1787 1417 1803 1486; x_wconf 77' lang='grc' dir='ltr'>ἢ</span> <span class='ocrx_word' id='word_1_671' title='bbox 1829 1417 1896 1472; x_wconf 78' lang='grc' dir='ltr'><strong><em>κατὰ</em></strong></span> 
     </span>
    </p>

    <p class='ocr_par' dir='ltr' id='par_1_13' title="bbox 1112 1483 1896 1574">
     <span class='ocr_line' id='line_1_95' title="bbox 1112 1483 1896 1574; baseline -0.008 -30"><span class='ocrx_word' id='word_1_672' title='bbox 1112 1495 1123 1544; x_wconf 92' lang='grc'>1</span> <span class='ocrx_word' id='word_1_673' title='bbox 1161 1489 1335 1574; x_wconf 82' lang='grc' dir='ltr'><strong><em>συναρπαχήν</em></strong></span> <span class='ocrx_word' id='word_1_674' title='bbox 1353 1487 1369 1556; x_wconf 76' lang='grc' dir='ltr'><em>ἢ</em></span> <span class='ocrx_word' id='word_1_675' title='bbox 1388 1489 1593 1574; x_wconf 56' lang='grc' dir='ltr'><strong><em>ἐναντιούμενον</em></strong></span> <span class='ocrx_word' id='word_1_676' title='bbox 1610 1487 1707 1558; x_wconf 84' lang='grc' dir='ltr'><strong><em>νόμοις.</em></strong></span> <span class='ocrx_word' id='word_1_677' title='bbox 1742 1483 1769 1540; x_wconf 87' lang='grc' dir='ltr'><strong><em>Ὁ</em></strong></span> <span class='ocrx_word' id='word_1_678' title='bbox 1784 1487 1896 1554; x_wconf 69' lang='lat' dir='ltr'>decape-</span> 
     </span>
    </p>
   </div>
   <div class='ocr_carea' id='block_1_13' title="bbox 1109 1555 1898 4084">
    <p class='ocr_par' dir='ltr' id='par_1_14' title="bbox 1160 1555 1897 1768">
     <span class='ocr_line' id='line_1_96' title="bbox 1162 1555 1896 1630; baseline -0.003 -20"><span class='ocrx_word' id='word_1_679' title='bbox 1162 1567 1263 1628; x_wconf 81' lang='grc' dir='ltr'><strong><em>βασμος</em></strong></span> <span class='ocrx_word' id='word_1_680' title='bbox 1273 1565 1317 1610; x_wconf 75' lang='grc' dir='ltr'>καί</span> <span class='ocrx_word' id='word_1_681' title='bbox 1327 1557 1464 1630; x_wconf 87' lang='grc' dir='ltr'><strong><em>ἐχχράφως</em></strong></span> <span class='ocrx_word' id='word_1_682' title='bbox 1479 1563 1523 1610; x_wconf 81' lang='grc' dir='ltr'>καί</span> <span class='ocrx_word' id='word_1_683' title='bbox 1537 1557 1661 1630; x_wconf 86' lang='grc' dir='ltr'><strong><em>αχράφως</em></strong></span> <span class='ocrx_word' id='word_1_684' title='bbox 1674 1563 1785 1630; x_wconf 78' lang='grc' dir='ltr'><strong><em>γίνεται,</em></strong></span> <span class='ocrx_word' id='word_1_685' title='bbox 1805 1555 1896 1624; x_wconf 87' lang='grc' dir='ltr'><strong><em>δηλον-</em></strong></span> 
     </span>
     <span class='ocr_line' id='line_1_97' title="bbox 1160 1625 1896 1698; baseline -0.005 -18"><span class='ocrx_word' id='word_1_686' title='bbox 1160 1627 1203 1680; x_wconf 89' lang='grc' dir='ltr'><strong><em>ότι</em></strong></span> <span class='ocrx_word' id='word_1_687' title='bbox 1225 1629 1283 1678; x_wconf 76' lang='grc' dir='ltr'>τῶν</span> <span class='ocrx_word' id='word_1_688' title='bbox 1304 1627 1395 1678; x_wconf 86' lang='grc' dir='ltr'><strong><em>θείων</em></strong></span> <span class='ocrx_word' id='word_1_689' title='bbox 1412 1625 1511 1698; x_wconf 80' lang='grc' dir='ltr'><strong><em>λογίων</em></strong></span> <span class='ocrx_word' id='word_1_690' title='bbox 1526 1631 1710 1698; x_wconf 74' lang='grc' dir='ltr'><strong><em>προκειμένων</em></strong></span> <span class='ocrx_word' id='word_1_691' title='bbox 1721 1631 1765 1678; x_wconf 86' lang='grc' dir='ltr'>καὶ</span> <span class='ocrx_word' id='word_1_692' title='bbox 1783 1625 1896 1680; x_wconf 81' lang='grc' dir='ltr'><strong><em>πάντων</em></strong></span> 
     </span>
     <span class='ocr_line' id='line_1_98' title="bbox 1161 1689 1897 1768; baseline -0.005 -20"><span class='ocrx_word' id='word_1_693' title='bbox 1161 1699 1218 1748; x_wconf 75' lang='grc' dir='ltr'>τῶν</span> <span class='ocrx_word' id='word_1_694' title='bbox 1241 1693 1410 1768; x_wconf 66' lang='grc' dir='ltr'>ατητόραιν11</span> <span class='ocrx_word' id='word_1_695' title='bbox 1431 1697 1489 1746; x_wconf 78' lang='grc' dir='ltr'>τῶν</span> <span class='ocrx_word' id='word_1_696' title='bbox 1512 1693 1659 1764; x_wconf 75' lang='grc' dir='ltr'><strong><em>παρόντων</em></strong></span> <span class='ocrx_word' id='word_1_697' title='bbox 1680 1689 1735 1760; x_wconf 75' lang='grc' dir='ltr'>ἅμα</span> <span class='ocrx_word' id='word_1_698' title='bbox 1757 1691 1829 1760; x_wconf 79' lang='grc' dir='ltr'><strong><em>αὗτῷ</em></strong></span> <span class='ocrx_word' id='word_1_699' title='bbox 1848 1689 1897 1758; x_wconf 82' lang='grc' dir='ltr'>τὴν</span> 
     </span>
    </p>

    <p class='ocr_par' dir='ltr' id='par_1_15' title="bbox 1112 1761 1898 2314">
     <span class='ocr_line' id='line_1_99' title="bbox 1112 1761 1896 1834; baseline -0.008 -18"><span class='ocrx_word' id='word_1_700' title='bbox 1112 1771 1125 1822; x_wconf 88' lang='grc'>2</span> <span class='ocrx_word' id='word_1_701' title='bbox 1162 1765 1289 1832; x_wconf 83' lang='grc' dir='ltr'><strong><em>ἐξέτασιν</em></strong></span> <span class='ocrx_word' id='word_1_702' title='bbox 1300 1765 1476 1830; x_wconf 77' lang='grc' dir='ltr'><strong><em>ποιουμένων.</em></strong></span> <span class='ocrx_word' id='word_1_703' title='bbox 1512 1767 1567 1814; x_wconf 81' lang='grc' dir='ltr'>Καὶ</span> <span class='ocrx_word' id='word_1_704' title='bbox 1584 1765 1608 1816; x_wconf 85' lang='grc' dir='ltr'>εἰ</span> <span class='ocrx_word' id='word_1_705' title='bbox 1625 1761 1740 1826; x_wconf 90' lang='grc' dir='ltr'><strong><em>συνίδοι,</em></strong></span> <span class='ocrx_word' id='word_1_706' title='bbox 1760 1761 1896 1834; x_wconf 69' lang='grc' dir='ltr'>παρέχει’ὕ</span> 
     </span>
     <span class='ocr_line' id='line_1_100' title="bbox 1160 1823 1896 1906; baseline -0.003 -22"><span class='ocrx_word' id='word_1_707' title='bbox 1160 1831 1307 1900; x_wconf 67' lang='grc' dir='ltr'><strong><em>βοήθειαν</em></strong></span> <span class='ocrx_word' id='word_1_708' title='bbox 1331 1831 1377 1882; x_wconf 82' lang='grc' dir='ltr'><strong><em>ἐὰν</em></strong></span> <span class='ocrx_word' id='word_1_709' title='bbox 1403 1829 1431 1882; x_wconf 81' lang='grc' dir='ltr'>δέ</span> <span class='ocrx_word' id='word_1_710' title='bbox 1458 1825 1474 1896; x_wconf 83' lang='grc' dir='ltr'><em>ἢ</em></span> <span class='ocrx_word' id='word_1_711' title='bbox 1497 1829 1620 1884; x_wconf 76' lang='grc' dir='ltr'><strong><em>πλαστὸν</em></strong></span> <span class='ocrx_word' id='word_1_712' title='bbox 1643 1825 1704 1906; x_wconf 80' lang='grc' dir='ltr'><strong><em>εόρή</em></strong></span> <span class='ocrx_word' id='word_1_713' title='bbox 1731 1831 1853 1900; x_wconf 69' lang='grc' dir='ltr'><strong><em>φανεραῖς</em></strong></span> <span class='ocrx_word' id='word_1_714' title='bbox 1880 1823 1896 1894; x_wconf 83' lang='grc' dir='ltr'><em>ἢ</em></span> 
     </span>
     <span class='ocr_line' id='line_1_101' title="bbox 1161 1897 1896 1970; baseline -0.008 -16"><span class='ocrx_word' id='word_1_715' title='bbox 1161 1899 1236 1970; x_wconf 80' lang='grc' dir='ltr'><strong><em>νόμῳ</em></strong></span> <span class='ocrx_word' id='word_1_716' title='bbox 1255 1897 1461 1966; x_wconf 80' lang='grc' dir='ltr'><strong><em>ἐναντιούμενον</em></strong></span> <span class='ocrx_word' id='word_1_717' title='bbox 1486 1903 1619 1970; x_wconf 76' lang='grc' dir='ltr'>φανερῶς,</span> <span class='ocrx_word' id='word_1_718' title='bbox 1642 1897 1683 1950; x_wconf 88' lang='grc' dir='ltr'>δεῖ</span> <span class='ocrx_word' id='word_1_719' title='bbox 1703 1897 1785 1950; x_wconf 80' lang='grc' dir='ltr'><strong><em>αὐτόν</em></strong></span> <span class='ocrx_word' id='word_1_720' title='bbox 1803 1897 1838 1966; x_wconf 86' lang='grc' dir='ltr'>μή</span> <span class='ocrx_word' id='word_1_721' title='bbox 1856 1899 1896 1948; x_wconf 85' lang='grc' dir='ltr'><strong><em>ἐν·</em></strong></span> 
     </span>
     <span class='ocr_line' id='line_1_102' title="bbox 1160 1963 1896 2038; baseline -0.007 -17"><span class='ocrx_word' id='word_1_722' title='bbox 1160 1969 1291 2038; x_wconf 77' lang='grc' dir='ltr'><strong><em>βιβάζειν,</em></strong></span> <span class='ocrx_word' id='word_1_723' title='bbox 1323 1967 1381 2020; x_wconf 74' lang='grc' dir='ltr'><strong><em>ἀλλ’</em></strong></span> <span class='ocrx_word' id='word_1_724' title='bbox 1410 1965 1555 2038; x_wconf 76' lang='grc' dir='ltr'><strong><em>ἀναφέρειν</em></strong></span> <span class='ocrx_word' id='word_1_725' title='bbox 1580 1969 1617 2020; x_wconf 83' lang='grc' dir='ltr'>εἰς</span> <span class='ocrx_word' id='word_1_726' title='bbox 1641 1965 1754 2036; x_wconf 80' lang='grc' dir='ltr'><strong><em>βασιλέα</em></strong></span> <span class='ocrx_word' id='word_1_727' title='bbox 1780 1963 1834 2032; x_wconf 49' lang='grc' dir='ltr'><strong><em>διὰ,</em></strong></span> <span class='ocrx_word' id='word_1_728' title='bbox 1850 1965 1896 2016; x_wconf 77' lang='grc' dir='ltr'><strong><em>τοῦ</em></strong></span> 
     </span>
     <span class='ocr_line' id='line_1_103' title="bbox 1160 2029 1896 2110; baseline -0.003 -22"><span class='ocrx_word' id='word_1_729' title='bbox 1160 2039 1363 2110; x_wconf 78' lang='grc' dir='ltr'><strong><em>μαχιστριανοῦ,</em></strong></span> <span class='ocrx_word' id='word_1_730' title='bbox 1389 2031 1405 2102; x_wconf 83' lang='grc' dir='ltr'><em>ἢ</em></span> <span class='ocrx_word' id='word_1_731' title='bbox 1428 2037 1464 2088; x_wconf 84' lang='grc' dir='ltr'>εἰς</span> <span class='ocrx_word' id='word_1_732' title='bbox 1486 2033 1569 2102; x_wconf 81' lang='grc' dir='ltr'><strong><em>αὐτὴν</em></strong></span> <span class='ocrx_word' id='word_1_733' title='bbox 1592 2037 1642 2104; x_wconf 80' lang='grc' dir='ltr'>τήν</span> <span class='ocrx_word' id='word_1_734' title='bbox 1660 2031 1751 2110; x_wconf 82' lang='grc' dir='ltr'><strong><em>ἀρχήν,</em></strong></span> <span class='ocrx_word' id='word_1_735' title='bbox 1774 2035 1803 2098; x_wconf 80' lang='grc' dir='ltr'>ἐξ</span> <span class='ocrx_word' id='word_1_736' title='bbox 1820 2033 1848 2100; x_wconf 74' lang='grc' dir='ltr'><strong><em>λης</em></strong></span> <span class='ocrx_word' id='word_1_737' title='bbox 1865 2029 1896 2086; x_wconf 86' lang='grc' dir='ltr'><strong><em>τδ</em></strong></span> 
     </span>
     <span class='ocr_line' id='line_1_104' title="bbox 1162 2099 1898 2188; baseline -0.003 -30"><span class='ocrx_word' id='word_1_738' title='bbox 1162 2107 1272 2176; x_wconf 79' lang='grc' dir='ltr'><strong><em>πρᾶγμα</em></strong></span> <span class='ocrx_word' id='word_1_739' title='bbox 1281 2107 1391 2188; x_wconf 82' lang='grc' dir='ltr'><strong><em>ἐχίνετο,</em></strong></span> <span class='ocrx_word' id='word_1_740' title='bbox 1409 2101 1458 2156; x_wconf 85' lang='grc' dir='ltr'>τὸν</span> <span class='ocrx_word' id='word_1_741' title='bbox 1471 2101 1501 2156; x_wconf 87' lang='grc' dir='ltr'>δέ</span> <span class='ocrx_word' id='word_1_742' title='bbox 1514 2103 1677 2172; x_wconf 79' lang='grc' dir='ltr'><strong><em>ἐκβιβαστήν</em></strong></span> <span class='ocrx_word' id='word_1_743' title='bbox 1687 2101 1739 2158; x_wconf 74' lang='grc' dir='ltr'>ὑπὸ</span> <span class='ocrx_word' id='word_1_744' title='bbox 1749 2099 1898 2174; x_wconf 80' lang='grc' dir='ltr'><strong><em>ἀσφάλειαν·</em></strong></span> 
     </span>
     <span class='ocr_line' id='line_1_105' title="bbox 1160 2167 1897 2244; baseline -0.008 -18"><span class='ocrx_word' id='word_1_745' title='bbox 1160 2179 1248 2226; x_wconf 82' lang='grc' dir='ltr'><strong><em>ποιεῖν</em></strong></span> <span class='ocrx_word' id='word_1_746' title='bbox 1271 2191 1321 2238; x_wconf 87' lang='grc' dir='ltr'>την</span> <span class='ocrx_word' id='word_1_747' title='bbox 1344 2173 1522 2244; x_wconf 78' lang='grc' dir='ltr'><strong><em>ἐχχωροῦσαν,</em></strong></span> <span class='ocrx_word' id='word_1_748' title='bbox 1546 2179 1590 2224; x_wconf 81' lang='lat' dir='ltr'>cai</span> <span class='ocrx_word' id='word_1_749' title='bbox 1607 2173 1641 2224; x_wconf 86' lang='grc' dir='ltr'><strong><em>τὰ</em></strong></span> <span class='ocrx_word' id='word_1_750' title='bbox 1658 2167 1794 2242; x_wconf 86' lang='grc' dir='ltr'><strong><em>πρόσωπα</em></strong></span> <span class='ocrx_word' id='word_1_751' title='bbox 1817 2167 1847 2224; x_wconf 78' lang='grc' dir='ltr'>δέ</span> <span class='ocrx_word' id='word_1_752' title='bbox 1862 2173 1897 2222; x_wconf 82' lang='grc' dir='ltr'><strong><em>τὰ</em></strong></span> 
     </span>
     <span class='ocr_line' id='line_1_106' title="bbox 1161 2233 1896 2314; baseline -0.003 -22"><span class='ocrx_word' id='word_1_753' title='bbox 1161 2243 1342 2294; x_wconf 83' lang='grc' dir='ltr'><strong><em>αἰτιασθέντα</em></strong></span> <span class='ocrx_word' id='word_1_754' title='bbox 1355 2237 1409 2294; x_wconf 80' lang='grc' dir='ltr'>ὑπὸ</span> <span class='ocrx_word' id='word_1_755' title='bbox 1422 2239 1597 2312; x_wconf 84' lang='grc' dir='ltr'><strong><em>προσωπιαήν</em></strong></span> <span class='ocrx_word' id='word_1_756' title='bbox 1610 2237 1758 2314; x_wconf 80' lang='grc' dir='ltr'><strong><em>ἀσφάλειαν</em></strong></span> <span class='ocrx_word' id='word_1_757' title='bbox 1767 2233 1896 2308; x_wconf 84' lang='grc' dir='ltr'><strong><em>ἀζημίως·</em></strong></span> 
     </span>
    </p>

    <p class='ocr_par' dir='ltr' id='par_1_16' title="bbox 1159 2303 1896 2382">
     <span class='ocr_line' id='line_1_107' title="bbox 1159 2303 1896 2382; baseline -0.005 -20"><span class='ocrx_word' id='word_1_758' title='bbox 1159 2305 1173 2362; x_wconf 84' lang='grc' dir='ltr'><strong><em>δ</em></strong></span> <span class='ocrx_word' id='word_1_759' title='bbox 1199 2309 1248 2382; x_wconf 86' lang='grc' dir='ltr'>χάρ</span> <span class='ocrx_word' id='word_1_760' title='bbox 1272 2313 1416 2382; x_wconf 73' lang='grc' dir='ltr'><strong><em>ἐγχειρίσας</em></strong></span> <span class='ocrx_word' id='word_1_761' title='bbox 1441 2305 1515 2374; x_wconf 57' lang='lat' dir='ltr'>aiam</span> <span class='ocrx_word' id='word_1_762' title='bbox 1539 2317 1570 2362; x_wconf 85' lang='grc' dir='ltr'>τα</span> <span class='ocrx_word' id='word_1_763' title='bbox 1588 2309 1700 2378; x_wconf 83' lang='grc' dir='ltr'><strong><em>άζημίον</em></strong></span> <span class='ocrx_word' id='word_1_764' title='bbox 1721 2303 1896 2380; x_wconf 78' lang='grc' dir='ltr'><strong><em>περιποιήσει,</em></strong></span> 
     </span>
    </p>

    <p class='ocr_par' dir='ltr' id='par_1_17' title="bbox 1110 2371 1896 2654">
     <span class='ocr_line' id='line_1_108' title="bbox 1110 2371 1896 2452; baseline -0.004 -24"><span class='ocrx_word' id='word_1_765' title='bbox 1110 2385 1124 2434; x_wconf 86' lang='grc'><strong>3</strong></span> <span class='ocrx_word' id='word_1_766' title='bbox 1160 2379 1233 2450; x_wconf 81' lang='grc' dir='ltr'><strong><em>εἴπερ</em></strong></span> <span class='ocrx_word' id='word_1_767' title='bbox 1257 2373 1381 2452; x_wconf 75' lang='grc' dir='ltr'><strong><em>εὑρεθείη</em></strong></span> <span class='ocrx_word' id='word_1_768' title='bbox 1398 2375 1487 2446; x_wconf 80' lang='grc' dir='ltr'><strong><em>μάτην</em></strong></span> <span class='ocrx_word' id='word_1_769' title='bbox 1511 2375 1584 2444; x_wconf 74' lang='grc' dir='ltr'><strong><em>αὐτῷ</em></strong></span> <span class='ocrx_word' id='word_1_770' title='bbox 1607 2383 1758 2448; x_wconf 77' lang='grc' dir='ltr'><strong><em>ἐγχειρίσας.</em></strong></span> <span class='ocrx_word' id='word_1_771' title='bbox 1794 2377 1828 2428; x_wconf 82' lang='grc' dir='ltr'>Εἰ</span> <span class='ocrx_word' id='word_1_772' title='bbox 1844 2371 1896 2446; x_wconf 82' lang='grc' dir='ltr'>χδρ</span> 
     </span>
     <span class='ocr_line' id='line_1_109' title="bbox 1159 2437 1895 2518; baseline -0.008 -20"><span class='ocrx_word' id='word_1_773' title='bbox 1159 2447 1194 2514; x_wconf 79' lang='grc' dir='ltr'>μή</span> <span class='ocrx_word' id='word_1_774' title='bbox 1213 2449 1292 2498; x_wconf 82' lang='grc' dir='ltr'><strong><em>τοῦτο</em></strong></span> <span class='ocrx_word' id='word_1_775' title='bbox 1309 2451 1434 2518; x_wconf 85' lang='grc' dir='ltr'><strong><em>χένηται,</em></strong></span> <span class='ocrx_word' id='word_1_776' title='bbox 1452 2443 1466 2496; x_wconf 86' lang='grc' dir='ltr'>ὁ</span> <span class='ocrx_word' id='word_1_777' title='bbox 1482 2449 1533 2512; x_wconf 83' lang='grc' dir='ltr'><strong><em>μέν</em></strong></span> <span class='ocrx_word' id='word_1_778' title='bbox 1550 2443 1757 2514; x_wconf 77' lang='grc' dir='ltr'><strong><em>ἐκβιβαζόμενος</em></strong></span> <span class='ocrx_word' id='word_1_779' title='bbox 1774 2437 1895 2498; x_wconf 77' lang='grc' dir='ltr'><strong><em>ἀπωθεῖ-</em></strong></span> 
     </span>
     <span class='ocr_line' id='line_1_110' title="bbox 1160 2507 1896 2584; baseline -0.008 -18"><span class='ocrx_word' id='word_1_780' title='bbox 1160 2535 1205 2566; x_wconf 87' lang='grc' dir='ltr'>ται</span> <span class='ocrx_word' id='word_1_781' title='bbox 1223 2512 1272 2568; x_wconf 84' lang='grc' dir='ltr'>τὸν</span> <span class='ocrx_word' id='word_1_782' title='bbox 1289 2511 1467 2582; x_wconf 78' lang='grc' dir='ltr'><strong><em>ἐκβιβασμόν·</em></strong></span> <span class='ocrx_word' id='word_1_783' title='bbox 1486 2509 1500 2566; x_wconf 84' lang='grc' dir='ltr'>ὁ</span> <span class='ocrx_word' id='word_1_784' title='bbox 1520 2511 1548 2566; x_wconf 83' lang='grc' dir='ltr'>δέ</span> <span class='ocrx_word' id='word_1_785' title='bbox 1565 2513 1663 2584; x_wconf 78' lang='grc' dir='ltr'><strong><em>ἄρχων,</em></strong></span> <span class='ocrx_word' id='word_1_786' title='bbox 1687 2515 1709 2566; x_wconf 86' lang='grc' dir='ltr'>εἰ</span> <span class='ocrx_word' id='word_1_787' title='bbox 1730 2511 1795 2584; x_wconf 84' lang='grc' dir='ltr'><strong><em>πρὸς</em></strong></span> <span class='ocrx_word' id='word_1_788' title='bbox 1814 2507 1896 2564; x_wconf 75' lang='grc' dir='ltr'><strong><em>αὐτόν</em></strong></span> 
     </span>
     <span class='ocr_line' id='line_1_111' title="bbox 1160 2575 1895 2654; baseline -0.007 -19"><span class='ocrx_word' id='word_1_789' title='bbox 1160 2579 1307 2650; x_wconf 81' lang='grc' dir='ltr'><strong><em>ήαέλευσις</em></strong></span> <span class='ocrx_word' id='word_1_790' title='bbox 1328 2587 1446 2654; x_wconf 73' lang='lat' dir='ltr'>piperem,</span> <span class='ocrx_word' id='word_1_791' title='bbox 1470 2577 1550 2648; x_wconf 79' lang='grc' dir='ltr'><strong><em>ήιιαί</em></strong></span> <span class='ocrx_word' id='word_1_792' title='bbox 1571 2599 1611 2634; x_wconf 88' lang='grc' dir='ltr'>τις</span> <span class='ocrx_word' id='word_1_793' title='bbox 1635 2587 1722 2654; x_wconf 86' lang='grc' dir='ltr'><strong><em>έτερας</em></strong></span> <span class='ocrx_word' id='word_1_794' title='bbox 1744 2583 1809 2632; x_wconf 79' lang='grc' dir='ltr'><strong><em>ἴσως</em></strong></span> <span class='ocrx_word' id='word_1_795' title='bbox 1830 2575 1895 2650; x_wconf 87' lang='grc' dir='ltr'><strong><em>πρός</em></strong></span> 
     </span>
    </p>

    <p class='ocr_par' dir='ltr' id='par_1_18' title="bbox 1109 2647 1896 3676">
     <span class='ocr_line' id='line_1_112' title="bbox 1133 2647 1895 2722; baseline -0.008 -18"><span class='ocrx_word' id='word_1_796' title='bbox 1133 2693 1134 2696; x_wconf 65' lang='lat'>,</span> <span class='ocrx_word' id='word_1_797' title='bbox 1160 2671 1224 2704; x_wconf 87' lang='grc' dir='ltr'><strong><em>τινα</em></strong></span> <span class='ocrx_word' id='word_1_798' title='bbox 1237 2653 1329 2722; x_wconf 73' lang='grc' dir='ltr'><strong><em>ἕτερον</em></strong></span> <span class='ocrx_word' id='word_1_799' title='bbox 1343 2653 1455 2722; x_wconf 70' lang='grc' dir='ltr'><strong><em>ἐγένετο,</em></strong></span> <span class='ocrx_word' id='word_1_800' title='bbox 1473 2649 1525 2704; x_wconf 82' lang='grc' dir='ltr'>ὑπὸ</span> <span class='ocrx_word' id='word_1_801' title='bbox 1541 2647 1689 2720; x_wconf 85' lang='grc' dir='ltr'><strong><em>ἀσφάλειαν</em></strong></span> <span class='ocrx_word' id='word_1_802' title='bbox 1704 2647 1805 2720; x_wconf 79' lang='grc' dir='ltr'><strong><em>ὀφείλει</em></strong></span> <span class='ocrx_word' id='word_1_803' title='bbox 1823 2649 1895 2714; x_wconf 80' lang='grc' dir='ltr'><strong><em>ποιή-</em></strong></span> 
     </span>
     <span class='ocr_line' id='line_1_113' title="bbox 1109 2715 1895 2792; baseline -0.01 -18"><span class='ocrx_word' id='word_1_804' title='bbox 1109 2725 1131 2774; x_wconf 74' lang='grc'>4’</span> <span class='ocrx_word' id='word_1_805' title='bbox 1160 2737 1206 2770; x_wconf 91' lang='grc' dir='ltr'>σαι</span> <span class='ocrx_word' id='word_1_806' title='bbox 1223 2719 1272 2772; x_wconf 85' lang='grc' dir='ltr'>τὸν</span> <span class='ocrx_word' id='word_1_807' title='bbox 1289 2717 1454 2788; x_wconf 80' lang='grc' dir='ltr'><strong><em>ἐνβιβαστὴν</em></strong></span> <span class='ocrx_word' id='word_1_808' title='bbox 1470 2721 1521 2784; x_wconf 82' lang='grc' dir='ltr'>τήν</span> <span class='ocrx_word' id='word_1_809' title='bbox 1538 2721 1715 2792; x_wconf 77' lang='grc' dir='ltr'><strong><em>ἐχχωροῦσαν.</em></strong></span> <span class='ocrx_word' id='word_1_810' title='bbox 1751 2719 1785 2770; x_wconf 87' lang='grc' dir='ltr'>Εἰ</span> <span class='ocrx_word' id='word_1_811' title='bbox 1807 2715 1835 2770; x_wconf 88' lang='grc' dir='ltr'>δέ</span> <span class='ocrx_word' id='word_1_812' title='bbox 1853 2719 1895 2768; x_wconf 82' lang='lat' dir='ltr'>aui</span> 
     </span>
     <span class='ocr_line' id='line_1_114' title="bbox 1160 2783 1895 2856; baseline -0.01 -14"><span class='ocrx_word' id='word_1_813' title='bbox 1160 2785 1291 2854; x_wconf 73' lang='grc' dir='ltr'><strong><em>δυνηθείη</em></strong></span> <span class='ocrx_word' id='word_1_814' title='bbox 1308 2803 1349 2840; x_wconf 87' lang='grc' dir='ltr'>τις</span> <span class='ocrx_word' id='word_1_815' title='bbox 1357 2783 1568 2852; x_wconf 80' lang='grc' dir='ltr'><strong><em>άπωθήσασθαι</em></strong></span> <span class='ocrx_word' id='word_1_816' title='bbox 1577 2785 1626 2840; x_wconf 86' lang='grc' dir='ltr'>τὸν</span> <span class='ocrx_word' id='word_1_817' title='bbox 1634 2783 1808 2856; x_wconf 81' lang='grc' dir='ltr'><strong><em>ἐνβιβασμόν,</em></strong></span> <span class='ocrx_word' id='word_1_818' title='bbox 1826 2783 1895 2854; x_wconf 84' lang='grc' dir='ltr'><strong><em>ὀφεί-</em></strong></span> 
     </span>
     <span class='ocr_line' id='line_1_115' title="bbox 1160 2851 1894 2924; baseline -0.005 -16"><span class='ocrx_word' id='word_1_819' title='bbox 1160 2855 1198 2908; x_wconf 88' lang='grc' dir='ltr'>λει</span> <span class='ocrx_word' id='word_1_820' title='bbox 1221 2853 1377 2924; x_wconf 85' lang='grc' dir='ltr'><strong><em>μανθάνων</em></strong></span> <span class='ocrx_word' id='word_1_821' title='bbox 1400 2851 1413 2906; x_wconf 86' lang='grc' dir='ltr'>ὁ</span> <span class='ocrx_word' id='word_1_822' title='bbox 1438 2853 1528 2924; x_wconf 83' lang='grc' dir='ltr'><strong><em>ἄρχων</em></strong></span> <span class='ocrx_word' id='word_1_823' title='bbox 1544 2853 1697 2922; x_wconf 74' lang='grc' dir='ltr'><strong><em>ἀποστῆσαι</em></strong></span> <span class='ocrx_word' id='word_1_824' title='bbox 1716 2855 1765 2908; x_wconf 84' lang='grc' dir='ltr'>τὸν</span> <span class='ocrx_word' id='word_1_825' title='bbox 1790 2857 1894 2920; x_wconf 76' lang='grc' dir='ltr'><strong><em>ἐμβιβα-</em></strong></span> 
     </span>
     <span class='ocr_line' id='line_1_116' title="bbox 1160 2917 1893 2994; baseline -0.007 -18"><span class='ocrx_word' id='word_1_826' title='bbox 1160 2921 1233 2990; x_wconf 88' lang='grc' dir='ltr'><strong><em>στήν,</em></strong></span> <span class='ocrx_word' id='word_1_827' title='bbox 1257 2929 1344 2978; x_wconf 87' lang='grc' dir='ltr'><strong><em>ποιεῖν</em></strong></span> <span class='ocrx_word' id='word_1_828' title='bbox 1367 2919 1398 2974; x_wconf 86' lang='grc' dir='ltr'>δέ</span> <span class='ocrx_word' id='word_1_829' title='bbox 1414 2917 1466 2976; x_wconf 76' lang='grc' dir='ltr'>άπὸ</span> <span class='ocrx_word' id='word_1_830' title='bbox 1485 2919 1633 2994; x_wconf 83' lang='grc' dir='ltr'><strong><em>ἀσφάλειαν</em></strong></span> <span class='ocrx_word' id='word_1_831' title='bbox 1653 2921 1829 2994; x_wconf 84' lang='grc' dir='ltr'><strong><em>πρασωπιαήν</em></strong></span> <span class='ocrx_word' id='word_1_832' title='bbox 1847 2917 1893 2974; x_wconf 83' lang='grc' dir='ltr'>τόν</span> 
     </span>
     <span class='ocr_line' id='line_1_117' title="bbox 1160 2987 1895 3064; baseline -0.005 -20"><span class='ocrx_word' id='word_1_833' title='bbox 1160 2993 1340 3044; x_wconf 85' lang='grc' dir='ltr'><strong><em>αἰτιασθέντα</em></strong></span> <span class='ocrx_word' id='word_1_834' title='bbox 1357 2995 1402 3042; x_wconf 78' lang='grc' dir='ltr'><strong><em>οιαὶ</em></strong></span> <span class='ocrx_word' id='word_1_835' title='bbox 1418 2991 1537 3058; x_wconf 78' lang='grc' dir='ltr'><strong><em>μηνύειν.</em></strong></span> <span class='ocrx_word' id='word_1_836' title='bbox 1574 2993 1608 3044; x_wconf 82' lang='lat' dir='ltr'>Ei</span> <span class='ocrx_word' id='word_1_837' title='bbox 1626 2989 1654 3044; x_wconf 85' lang='grc' dir='ltr'>δέ</span> <span class='ocrx_word' id='word_1_838' title='bbox 1676 2989 1819 3064; x_wconf 82' lang='grc' dir='ltr'><strong><em>ῥαθυμήσχ</em></strong></span> <span class='ocrx_word' id='word_1_839' title='bbox 1836 2987 1895 3040; x_wconf 80' lang='grc' dir='ltr'><strong><em>νοό-</em></strong></span> 
     </span>
     <span class='ocr_line' id='line_1_118' title="bbox 1159 3053 1896 3130; baseline -0.005 -18"><span class='ocrx_word' id='word_1_840' title='bbox 1159 3081 1206 3112; x_wconf 82' lang='grc' dir='ltr'>τον</span> <span class='ocrx_word' id='word_1_841' title='bbox 1229 3055 1245 3126; x_wconf 83' lang='grc' dir='ltr'>ἢ</span> <span class='ocrx_word' id='word_1_842' title='bbox 1268 3055 1281 3112; x_wconf 88' lang='grc' dir='ltr'><strong><em>ό</em></strong></span> <span class='ocrx_word' id='word_1_843' title='bbox 1304 3057 1395 3130; x_wconf 78' lang='grc' dir='ltr'><strong><em>ἅρχων</em></strong></span> <span class='ocrx_word' id='word_1_844' title='bbox 1416 3059 1432 3126; x_wconf 79' lang='grc' dir='ltr'><em>ἢ</em></span> <span class='ocrx_word' id='word_1_845' title='bbox 1454 3055 1469 3126; x_wconf 86' lang='grc' dir='ltr'><strong><em>ή</em></strong></span> <span class='ocrx_word' id='word_1_846' title='bbox 1491 3059 1564 3122; x_wconf 84' lang='grc' dir='ltr'><strong><em>τάξις</em></strong></span> <span class='ocrx_word' id='word_1_847' title='bbox 1587 3057 1668 3112; x_wconf 73' lang='grc' dir='ltr'><strong><em>αὐτοῦ</em></strong></span> <span class='ocrx_word' id='word_1_848' title='bbox 1692 3055 1707 3126; x_wconf 79' lang='grc' dir='ltr'><em>ἢ</em></span> <span class='ocrx_word' id='word_1_849' title='bbox 1732 3057 1797 3130; x_wconf 81' lang='grc' dir='ltr'><strong><em>πρὸς</em></strong></span> <span class='ocrx_word' id='word_1_850' title='bbox 1815 3055 1847 3112; x_wconf 82' lang='grc' dir='ltr'><strong><em>δν</em></strong></span> <span class='ocrx_word' id='word_1_851' title='bbox 1865 3053 1896 3108; x_wconf 79' lang='grc' dir='ltr'><strong><em>τό</em></strong></span> 
     </span>
     <span class='ocr_line' id='line_1_119' title="bbox 1159 3123 1895 3200; baseline -0.003 -20"><span class='ocrx_word' id='word_1_852' title='bbox 1159 3131 1268 3200; x_wconf 78' lang='grc' dir='ltr'><strong><em>γράμμα</em></strong></span> <span class='ocrx_word' id='word_1_853' title='bbox 1283 3133 1401 3198; x_wconf 82' lang='grc' dir='ltr'><strong><em>χέχονεν,</em></strong></span> <span class='ocrx_word' id='word_1_854' title='bbox 1420 3129 1530 3180; x_wconf 79' lang='grc' dir='ltr'><strong><em>οἴκοθεν</em></strong></span> <span class='ocrx_word' id='word_1_855' title='bbox 1545 3131 1585 3196; x_wconf 74' lang='grc' dir='ltr'><strong><em>τῷ</em></strong></span> <span class='ocrx_word' id='word_1_856' title='bbox 1599 3125 1806 3196; x_wconf 80' lang='grc' dir='ltr'><strong><em>όπομνησθέντι</em></strong></span> <span class='ocrx_word' id='word_1_857' title='bbox 1821 3123 1895 3190; x_wconf 61' lang='lat' dir='ltr'>noar}-</span> 
     </span>
     <span class='ocr_line' id='line_1_120' title="bbox 1160 3193 1895 3268; baseline -0.003 -20"><span class='ocrx_word' id='word_1_858' title='bbox 1160 3215 1200 3250; x_wconf 85' lang='grc' dir='ltr'>σει</span> <span class='ocrx_word' id='word_1_859' title='bbox 1223 3195 1254 3250; x_wconf 85' lang='grc' dir='ltr'><strong><em>τό</em></strong></span> <span class='ocrx_word' id='word_1_860' title='bbox 1278 3193 1391 3262; x_wconf 77' lang='grc' dir='ltr'><strong><em>ἀζήμιον</em></strong></span> <span class='ocrx_word' id='word_1_861' title='bbox 1414 3201 1459 3248; x_wconf 83' lang='grc' dir='ltr'>ναὶ</span> <span class='ocrx_word' id='word_1_862' title='bbox 1483 3199 1512 3248; x_wconf 87' lang='grc' dir='ltr'><strong><em>ἐν</em></strong></span> <span class='ocrx_word' id='word_1_863' title='bbox 1534 3195 1590 3262; x_wconf 83' lang='grc' dir='ltr'>όσφ</span> <span class='ocrx_word' id='word_1_864' title='bbox 1613 3195 1687 3268; x_wconf 89' lang='grc' dir='ltr'><strong><em>άρχει</em></strong></span> <span class='ocrx_word' id='word_1_865' title='bbox 1709 3201 1754 3248; x_wconf 80' lang='lat' dir='ltr'>nal</span> <span class='ocrx_word' id='word_1_866' title='bbox 1774 3195 1841 3264; x_wconf 82' lang='grc' dir='ltr'><strong><em>μετα</em></strong></span> <span class='ocrx_word' id='word_1_867' title='bbox 1865 3193 1895 3244; x_wconf 86' lang='grc' dir='ltr'><strong><em>τδ</em></strong></span> 
     </span>
     <span class='ocr_line' id='line_1_121' title="bbox 1160 3259 1895 3334; baseline -0.008 -16"><span class='ocrx_word' id='word_1_868' title='bbox 1160 3263 1322 3320; x_wconf 74' lang='grc' dir='ltr'><strong><em>παύσασθαι</em></strong></span> <span class='ocrx_word' id='word_1_869' title='bbox 1340 3265 1386 3328; x_wconf 82' lang='grc' dir='ltr'>τῆς</span> <span class='ocrx_word' id='word_1_870' title='bbox 1403 3259 1419 3316; x_wconf 88' lang='grc' dir='ltr'><strong><em>ά</em></strong></span> <span class='ocrx_word' id='word_1_871' title='bbox 1437 3265 1489 3328; x_wconf 82' lang='grc' dir='ltr'><strong><em>χῆς.</em></strong></span> <span class='ocrx_word' id='word_1_872' title='bbox 1532 3259 1760 3334; x_wconf 60' lang='lat' dir='ltr'>‘antuerpiensi</span> <span class='ocrx_word' id='word_1_873' title='bbox 1778 3259 1895 3324; x_wconf 77' lang='grc' dir='ltr'><strong><em>διάταξις</em></strong></span> 
     </span>
     <span class='ocr_line' id='line_1_122' title="bbox 1159 3285 1896 3404; baseline -0.007 -18"><span class='ocrx_word' id='word_1_874' title='bbox 1159 3333 1220 3386; x_wconf 75' lang='grc' dir='ltr'><strong><em>τοὺς</em></strong></span> <span class='ocrx_word' id='word_1_875' title='bbox 1249 3329 1383 3404; x_wconf 82' lang='grc' dir='ltr'><strong><em>προφάσει</em></strong></span> <span class='ocrx_word' id='word_1_876' title='bbox 1416 3285 1554 3400; x_wconf 77' lang='grc' dir='ltr'><strong><em>δημοσίων</em></strong></span> <span class='ocrx_word' id='word_1_877' title='bbox 1588 3337 1761 3400; x_wconf 77' lang='grc' dir='ltr'><strong><em>ἐνεχομένους.</em></strong></span> <span class='ocrx_word' id='word_1_878' title='bbox 1807 3333 1840 3384; x_wconf 81' lang='lat' dir='ltr'>El</span> <span class='ocrx_word' id='word_1_879' title='bbox 1867 3327 1896 3382; x_wconf 85' lang='grc' dir='ltr'>δὲ</span> 
     </span>
     <span class='ocr_line' id='line_1_123' title="bbox 1160 3397 1895 3472; baseline -0.008 -18"><span class='ocrx_word' id='word_1_880' title='bbox 1160 3401 1292 3470; x_wconf 82' lang='grc' dir='ltr'><strong><em>λήμματος</em></strong></span> <span class='ocrx_word' id='word_1_881' title='bbox 1309 3397 1473 3466; x_wconf 81' lang='grc' dir='ltr'><strong><em>ἡττηθέντες</em></strong></span> <span class='ocrx_word' id='word_1_882' title='bbox 1490 3401 1518 3452; x_wconf 85' lang='grc' dir='ltr'>οἱ</span> <span class='ocrx_word' id='word_1_883' title='bbox 1533 3397 1658 3472; x_wconf 80' lang='grc' dir='ltr'><strong><em>ἄρχοντες</em></strong></span> <span class='ocrx_word' id='word_1_884' title='bbox 1675 3403 1710 3470; x_wconf 85' lang='grc' dir='ltr'>μη</span> <span class='ocrx_word' id='word_1_885' title='bbox 1728 3397 1895 3466; x_wconf 72' lang='grc' dir='ltr'><strong><em>ποιήσωνται</em></strong></span> 
     </span>
     <span class='ocr_line' id='line_1_124' title="bbox 1158 3463 1896 3540; baseline -0.003 -18"><span class='ocrx_word' id='word_1_886' title='bbox 1158 3469 1208 3536; x_wconf 82' lang='grc' dir='ltr'>τήν</span> <span class='ocrx_word' id='word_1_887' title='bbox 1221 3469 1344 3532; x_wconf 81' lang='grc' dir='ltr'><strong><em>ἐξέτασιν</em></strong></span> <span class='ocrx_word' id='word_1_888' title='bbox 1359 3473 1544 3540; x_wconf 82' lang='grc' dir='ltr'><strong><em>προκειμένων</em></strong></span> <span class='ocrx_word' id='word_1_889' title='bbox 1553 3471 1610 3520; x_wconf 74' lang='grc' dir='ltr'>τῶν</span> <span class='ocrx_word' id='word_1_890' title='bbox 1624 3463 1709 3540; x_wconf 79' lang='grc' dir='ltr'><strong><em>άχίαιν</em></strong></span> <span class='ocrx_word' id='word_1_891' title='bbox 1727 3469 1831 3540; x_wconf 87' lang='grc' dir='ltr'><strong><em>λαχίων,</em></strong></span> <span class='ocrx_word' id='word_1_892' title='bbox 1850 3463 1896 3532; x_wconf 52' lang='lat' dir='ltr'>qm</span> 
     </span>
     <span class='ocr_line' id='line_1_125' title="bbox 1158 3533 1896 3610; baseline -0.005 -20"><span class='ocrx_word' id='word_1_893' title='bbox 1158 3541 1203 3590; x_wconf 79' lang='grc' dir='ltr'>ααδ</span> <span class='ocrx_word' id='word_1_894' title='bbox 1226 3533 1376 3608; x_wconf 83' lang='grc' dir='ltr'><strong><em>παρίδωσι,</em></strong></span> <span class='ocrx_word' id='word_1_895' title='bbox 1400 3541 1444 3588; x_wconf 81' lang='grc' dir='ltr'>καὶ</span> <span class='ocrx_word' id='word_1_896' title='bbox 1467 3537 1503 3590; x_wconf 85' lang='grc' dir='ltr'>εἰς</span> <span class='ocrx_word' id='word_1_897' title='bbox 1526 3535 1647 3610; x_wconf 88' lang='grc' dir='ltr'><strong><em>χρήματα</em></strong></span> <span class='ocrx_word' id='word_1_898' title='bbox 1674 3541 1830 3604; x_wconf 80' lang='grc' dir='ltr'><strong><em>ζημιοῦνται</em></strong></span> <span class='ocrx_word' id='word_1_899' title='bbox 1851 3541 1896 3586; x_wconf 78' lang='grc' dir='ltr'>καὶ</span> 
     </span>
     <span class='ocr_line' id='line_1_126' title="bbox 1159 3601 1894 3676; baseline -0.003 -20"><span class='ocrx_word' id='word_1_900' title='bbox 1159 3603 1334 3674; x_wconf 73' lang='grc' dir='ltr'><strong><em>ἐμβάλλονται</em></strong></span> <span class='ocrx_word' id='word_1_901' title='bbox 1356 3607 1403 3670; x_wconf 78' lang='grc' dir='ltr'>τῆς</span> <span class='ocrx_word' id='word_1_902' title='bbox 1426 3605 1503 3676; x_wconf 77' lang='grc' dir='ltr'><strong><em>ἀρχῆς</em></strong></span> <span class='ocrx_word' id='word_1_903' title='bbox 1525 3609 1569 3658; x_wconf 81' lang='grc' dir='ltr'>καί</span> <span class='ocrx_word' id='word_1_904' title='bbox 1591 3607 1626 3658; x_wconf 79' lang='grc' dir='ltr'>εἰς</span> <span class='ocrx_word' id='word_1_905' title='bbox 1648 3613 1785 3676; x_wconf 86' lang='grc' dir='ltr'><strong><em>σωτηρίαν</em></strong></span> <span class='ocrx_word' id='word_1_906' title='bbox 1808 3601 1894 3656; x_wconf 83' lang='grc' dir='ltr'><strong><em>κινδυ-</em></strong></span> 
     </span>
    </p>

    <p class='ocr_par' dir='ltr' id='par_1_19' title="bbox 1109 3669 1896 3814">
     <span class='ocr_line' id='line_1_127' title="bbox 1109 3669 1896 3744; baseline -0.008 -14"><span class='ocrx_word' id='word_1_907' title='bbox 1109 3679 1127 3730; x_wconf 78' lang='grc' dir='ltr'><strong><em>θ</em></strong></span> <span class='ocrx_word' id='word_1_908' title='bbox 1158 3673 1271 3728; x_wconf 75' lang='grc' dir='ltr'><strong><em>νεύουσι.</em></strong></span> <span class='ocrx_word' id='word_1_909' title='bbox 1318 3673 1374 3726; x_wconf 83' lang='grc' dir='ltr'><strong><em>Πᾶς</em></strong></span> <span class='ocrx_word' id='word_1_910' title='bbox 1400 3669 1430 3724; x_wconf 79' lang='grc' dir='ltr'>δέ</span> <span class='ocrx_word' id='word_1_911' title='bbox 1455 3671 1536 3740; x_wconf 88' lang='grc' dir='ltr'><strong><em>νόμος</em></strong></span> <span class='ocrx_word' id='word_1_912' title='bbox 1562 3671 1769 3744; x_wconf 80' lang='grc' dir='ltr'><strong><em>ἐμφανιζόμενος</em></strong></span> <span class='ocrx_word' id='word_1_913' title='bbox 1796 3669 1896 3742; x_wconf 89' lang='grc' dir='ltr'><strong><em>όφείλει</em></strong></span> 
     </span>
     <span class='ocr_line' id='line_1_128' title="bbox 1160 3739 1895 3814; baseline -0.005 -18"><span class='ocrx_word' id='word_1_914' title='bbox 1160 3739 1293 3814; x_wconf 88' lang='grc' dir='ltr'><strong><em>πρότερον</em></strong></span> <span class='ocrx_word' id='word_1_915' title='bbox 1310 3741 1439 3814; x_wconf 75' lang='grc' dir='ltr'><strong><em>γίνεσθαι</em></strong></span> <span class='ocrx_word' id='word_1_916' title='bbox 1457 3747 1511 3794; x_wconf 86' lang='grc' dir='ltr'><strong><em>τοῖς</em></strong></span> <span class='ocrx_word' id='word_1_917' title='bbox 1528 3745 1650 3812; x_wconf 78' lang='grc' dir='ltr'><strong><em>ἐπάρχοις</em></strong></span> <span class='ocrx_word' id='word_1_918' title='bbox 1668 3739 1829 3812; x_wconf 76' lang='grc' dir='ltr'><strong><em>καταφανής,</em></strong></span> <span class='ocrx_word' id='word_1_919' title='bbox 1847 3739 1895 3792; x_wconf 85' lang='grc' dir='ltr'>τὸν</span> 
     </span>
    </p>

    <p class='ocr_par' dir='ltr' id='par_1_20' title="bbox 1158 3805 1896 4084">
     <span class='ocr_line' id='line_1_129' title="bbox 1160 3805 1894 3882; baseline -0.005 -20"><span class='ocrx_word' id='word_1_920' title='bbox 1160 3809 1189 3862; x_wconf 83' lang='grc' dir='ltr'>δὲ</span> <span class='ocrx_word' id='word_1_921' title='bbox 1208 3809 1397 3878; x_wconf 79' lang='grc' dir='ltr'><strong><em>διαπομίζαντα</em></strong></span> <span class='ocrx_word' id='word_1_922' title='bbox 1420 3807 1623 3876; x_wconf 60' lang='lat' dir='ltr'>adulescientior</span> <span class='ocrx_word' id='word_1_923' title='bbox 1645 3815 1776 3882; x_wconf 80' lang='grc' dir='ltr'><strong><em>ἐπαρχίαν</em></strong></span> <span class='ocrx_word' id='word_1_924' title='bbox 1795 3805 1894 3878; x_wconf 75' lang='grc' dir='ltr'><strong><em>λαμβά-</em></strong></span> 
     </span>
     <span class='ocr_line' id='line_1_130' title="bbox 1158 3875 1895 3950; baseline -0.004 -19"><span class='ocrx_word' id='word_1_925' title='bbox 1158 3899 1217 3932; x_wconf 83' lang='grc' dir='ltr'><strong><em>νειν</em></strong></span> <span class='ocrx_word' id='word_1_926' title='bbox 1230 3883 1367 3950; x_wconf 85' lang='grc' dir='ltr'><strong><em>χρυσίνους</em></strong></span> <span class='ocrx_word' id='word_1_927' title='bbox 1382 3877 1418 3942; x_wconf 80' lang='grc' dir='ltr'>ἐξ,</span> <span class='ocrx_word' id='word_1_928' title='bbox 1436 3877 1485 3930; x_wconf 82' lang='grc' dir='ltr'>τόν</span> <span class='ocrx_word' id='word_1_929' title='bbox 1501 3875 1530 3930; x_wconf 85' lang='grc' dir='ltr'>δέ</span> <span class='ocrx_word' id='word_1_930' title='bbox 1543 3877 1659 3950; x_wconf 73' lang='grc' dir='ltr'><strong><em>ἄρχοντα</em></strong></span> <span class='ocrx_word' id='word_1_931' title='bbox 1674 3875 1834 3942; x_wconf 75' lang='grc' dir='ltr'><strong><em>σπουδάζειν</em></strong></span> <span class='ocrx_word' id='word_1_932' title='bbox 1853 3875 1895 3928; x_wconf 84' lang='grc' dir='ltr'>διὰ</span> 
     </span>
     <span class='ocr_line' id='line_1_131' title="bbox 1160 3939 1893 4018; baseline -0.001 -19"><span class='ocrx_word' id='word_1_933' title='bbox 1160 3943 1336 4018; x_wconf 80' lang='grc' dir='ltr'><strong><em>προστάξειεν</em></strong></span> <span class='ocrx_word' id='word_1_934' title='bbox 1352 3947 1459 4000; x_wconf 80' lang='grc' dir='ltr'><strong><em>οἰκείων</em></strong></span> <span class='ocrx_word' id='word_1_935' title='bbox 1477 3943 1576 4000; x_wconf 84' lang='grc' dir='ltr'><strong><em>πάσαις</em></strong></span> <span class='ocrx_word' id='word_1_936' title='bbox 1592 3951 1649 4000; x_wconf 86' lang='grc' dir='ltr'><strong><em>ταῖς</em></strong></span> <span class='ocrx_word' id='word_1_937' title='bbox 1666 3945 1761 4000; x_wconf 86' lang='grc' dir='ltr'><strong><em>πόλεσι</em></strong></span> <span class='ocrx_word' id='word_1_938' title='bbox 1775 3949 1833 3998; x_wconf 86' lang='grc' dir='ltr'><strong><em>ταῖς</em></strong></span> <span class='ocrx_word' id='word_1_939' title='bbox 1850 3939 1893 4014; x_wconf 77' lang='grc' dir='ltr'>ὑφ’</span> 
     </span>
     <span class='ocr_line' id='line_1_132' title="bbox 1160 4009 1896 4084; baseline 0 -18"><span class='ocrx_word' id='word_1_940' title='bbox 1160 4013 1255 4066; x_wconf 78' lang='grc' dir='ltr'><strong><em>ἑαυτὸν</em></strong></span> <span class='ocrx_word' id='word_1_941' title='bbox 1272 4013 1401 4084; x_wconf 77' lang='grc' dir='ltr'><strong><em>φανεροὺς</em></strong></span> <span class='ocrx_word' id='word_1_942' title='bbox 1418 4015 1557 4066; x_wconf 80' lang='grc' dir='ltr'><strong><em>καθιστᾶν</em></strong></span> <span class='ocrx_word' id='word_1_943' title='bbox 1574 4013 1635 4068; x_wconf 70' lang='lat' dir='ltr'>coris</span> <span class='ocrx_word' id='word_1_944' title='bbox 1652 4015 1748 4084; x_wconf 83' lang='grc' dir='ltr'><strong><em>νόμους</em></strong></span> <span class='ocrx_word' id='word_1_945' title='bbox 1754 4055 1761 4078; x_wconf 97' lang='grc'>,</span> <span class='ocrx_word' id='word_1_946' title='bbox 1778 4009 1896 4082; x_wconf 81' lang='grc' dir='ltr'><strong><em>ἀζημίως</em></strong></span> 
     </span>
    </p>
   </div>
   <div class='ocr_carea' id='block_1_14' title="bbox 1087 4185 1895 4526">
    <p class='ocr_par' dir='ltr' id='par_1_21' title="bbox 1087 4185 1895 4526">
     <span class='ocr_line' id='line_1_133' title="bbox 1088 4185 1895 4254; baseline 0.005 -18"><span class='ocrx_word' id='word_1_947' title='bbox 1088 4189 1120 4252; x_wconf 83' lang='grc' dir='ltr'>(α)</span> <span class='ocrx_word' id='word_1_948' title='bbox 1138 4187 1264 4252; x_wconf 86' lang='lat' dir='ltr'>palatinus</span> <span class='ocrx_word' id='word_1_949' title='bbox 1285 4185 1330 4236; x_wconf 86' lang='grc' dir='ltr'><strong><em>Τίι.</em></strong></span> <span class='ocrx_word' id='word_1_950' title='bbox 1380 4189 1422 4248; x_wconf 89' lang='grc' dir='ltr'>(1ο)</span> <span class='ocrx_word' id='word_1_951' title='bbox 1442 4187 1547 4252; x_wconf 88' lang='lat' dir='ltr'>palatini</span> <span class='ocrx_word' id='word_1_952' title='bbox 1566 4189 1610 4240; x_wconf 78' lang='lat' dir='ltr'>Ta</span> <span class='ocrx_word' id='word_1_953' title='bbox 1662 4189 1704 4252; x_wconf 91' lang='grc'>(11)</span> <span class='ocrx_word' id='word_1_954' title='bbox 1715 4191 1826 4254; x_wconf 87' lang='lat' dir='ltr'>sortasse</span> <span class='ocrx_word' id='word_1_955' title='bbox 1844 4191 1895 4240; x_wconf 86' lang='lat' dir='ltr'>iaa-</span> 
     </span>
     <span class='ocr_line' id='line_1_134' title="bbox 1087 4255 1895 4324; baseline -0.001 -18"><span class='ocrx_word' id='word_1_956' title='bbox 1087 4257 1168 4324; x_wconf 81' lang='lat' dir='ltr'>peada</span> <span class='ocrx_word' id='word_1_957' title='bbox 1186 4267 1221 4306; x_wconf 86' lang='lat' dir='ltr'>cst</span> <span class='ocrx_word' id='word_1_958' title='bbox 1239 4257 1278 4320; x_wconf 82' lang='lat'>12,</span> <span class='ocrx_word' id='word_1_959' title='bbox 1296 4265 1374 4318; x_wconf 80' lang='grc'>19,1(1</span> <span class='ocrx_word' id='word_1_960' title='bbox 1427 4257 1472 4320; x_wconf 87' lang='grc'>(12)</span> <span class='ocrx_word' id='word_1_961' title='bbox 1490 4255 1523 4306; x_wconf 85' lang='lat' dir='ltr'>sit</span> <span class='ocrx_word' id='word_1_962' title='bbox 1539 4257 1568 4318; x_wconf 89' lang='grc' dir='ltr'>Ο,</span> <span class='ocrx_word' id='word_1_963' title='bbox 1586 4257 1638 4306; x_wconf 87' lang='lat' dir='ltr'>sint</span> <span class='ocrx_word' id='word_1_964' title='bbox 1654 4259 1684 4308; x_wconf 92' lang='lat' dir='ltr'><strong><em>K</em></strong></span> <span class='ocrx_word' id='word_1_965' title='bbox 1733 4255 1776 4320; x_wconf 84' lang='grc'>(11)</span> <span class='ocrx_word' id='word_1_966' title='bbox 1793 4255 1895 4306; x_wconf 87' lang='lat' dir='ltr'>licentia</span> 
     </span>
     <span class='ocr_line' id='line_1_135' title="bbox 1088 4323 1893 4390; baseline 0.005 -16"><span class='ocrx_word' id='word_1_967' title='bbox 1088 4327 1132 4388; x_wconf 86' lang='lat' dir='ltr'>(sic</span> <span class='ocrx_word' id='word_1_968' title='bbox 1148 4323 1214 4388; x_wconf 85' lang='lat' dir='ltr'>dett.)</span> <span class='ocrx_word' id='word_1_969' title='bbox 1232 4323 1270 4374; x_wconf 86' lang='lat' dir='ltr'>ael</span> <span class='ocrx_word' id='word_1_970' title='bbox 1286 4325 1362 4374; x_wconf 83' lang='lat' dir='ltr'>simile</span> <span class='ocrx_word' id='word_1_971' title='bbox 1381 4325 1477 4390; x_wconf 83' lang='lat' dir='ltr'>aliquid</span> <span class='ocrx_word' id='word_1_972' title='bbox 1493 4327 1583 4376; x_wconf 83' lang='lat' dir='ltr'>cncidit</span> <span class='ocrx_word' id='word_1_973' title='bbox 1634 4327 1677 4388; x_wconf 88' lang='grc'>(14)</span> <span class='ocrx_word' id='word_1_974' title='bbox 1695 4325 1764 4376; x_wconf 79' lang='lat' dir='ltr'>=B</span> <span class='ocrx_word' id='word_1_975' title='bbox 1774 4327 1856 4388; x_wconf 72' lang='lat' dir='ltr'>tan,</span> <span class='ocrx_word' id='word_1_976' title='bbox 1868 4337 1893 4378; x_wconf 79' lang='lat'>58</span> 
     </span>
     <span class='ocr_line' id='line_1_136' title="bbox 1089 4385 1893 4462; baseline 0 -18"><span class='ocrx_word' id='word_1_977' title='bbox 1089 4395 1131 4452; x_wconf 81' lang='grc'>(15)</span> <span class='ocrx_word' id='word_1_978' title='bbox 1151 4395 1186 4444; x_wconf 89' lang='lat' dir='ltr'>sic</span> <span class='ocrx_word' id='word_1_979' title='bbox 1199 4393 1322 4452; x_wconf 77' lang='lat' dir='ltr'>Oaiaeias,</span> <span class='ocrx_word' id='word_1_980' title='bbox 1340 4385 1502 4462; x_wconf 80' lang='grc' dir='ltr'><strong><em>ρητόρωνΒ</em></strong></span> <span class='ocrx_word' id='word_1_981' title='bbox 1545 4393 1590 4456; x_wconf 87' lang='grc'>(111)</span> <span class='ocrx_word' id='word_1_982' title='bbox 1607 4395 1643 4444; x_wconf 87' lang='lat' dir='ltr'>sic</span> <span class='ocrx_word' id='word_1_983' title='bbox 1654 4395 1796 4458; x_wconf 80' lang='lat' dir='ltr'>Heimbaclr,</span> <span class='ocrx_word' id='word_1_984' title='bbox 1814 4395 1893 4458; x_wconf 86' lang='grc' dir='ltr'><strong><em>παρέ·</em></strong></span> 
     </span>
     <span class='ocr_line' id='line_1_137' title="bbox 1087 4455 1518 4526; baseline 0 -16"><span class='ocrx_word' id='word_1_985' title='bbox 1087 4479 1143 4524; x_wconf 91' lang='grc' dir='ltr'><strong><em>χειν</em></strong></span> <span class='ocrx_word' id='word_1_986' title='bbox 1161 4459 1188 4510; x_wconf 89' lang='grc' dir='ltr'><strong><em>Β</em></strong></span> <span class='ocrx_word' id='word_1_987' title='bbox 1239 4461 1282 4522; x_wconf 82' lang='grc'>(11)</span> <span class='ocrx_word' id='word_1_988' title='bbox 1301 4455 1318 4524; x_wconf 81' lang='grc' dir='ltr'><em>ἥ</em></span> <span class='ocrx_word' id='word_1_989' title='bbox 1336 4461 1430 4526; x_wconf 85' lang='lat' dir='ltr'>scripsi,</span> <span class='ocrx_word' id='word_1_990' title='bbox 1450 4459 1473 4510; x_wconf 80' lang='lat' dir='ltr'>ci</span> <span class='ocrx_word' id='word_1_991' title='bbox 1491 4461 1518 4510; x_wconf 90' lang='lat' dir='ltr'><em>B</em></span> 
     </span>
    </p>
   </div>
   <div class='ocr_carea' id='block_1_15' title="bbox 1085 4659 1938 5892">
    <p class='ocr_par' dir='ltr' id='par_1_22' title="bbox 1085 4659 1938 5892">
     <span class='ocr_line' id='line_1_138' title="bbox 1089 4659 1938 4732; baseline 0.005 -18"><span class='ocrx_word' id='word_1_992' title='bbox 1089 4661 1126 4714; x_wconf 86' lang='lat' dir='ltr'>acl</span> <span class='ocrx_word' id='word_1_993' title='bbox 1142 4677 1220 4732; x_wconf 87' lang='lat' dir='ltr'>quem</span> <span class='ocrx_word' id='word_1_994' title='bbox 1238 4659 1341 4714; x_wconf 83' lang='lat' dir='ltr'>directa</span> <span class='ocrx_word' id='word_1_995' title='bbox 1358 4663 1411 4716; x_wconf 83' lang='lat' dir='ltr'>erit</span> <span class='ocrx_word' id='word_1_996' title='bbox 1427 4661 1464 4716; x_wconf 84' lang='lat' dir='ltr'>ael</span> <span class='ocrx_word' id='word_1_997' title='bbox 1475 4663 1599 4716; x_wconf 84' lang='lat' dir='ltr'>idoneam</span> <span class='ocrx_word' id='word_1_998' title='bbox 1615 4663 1765 4718; x_wconf 88' lang='lat' dir='ltr'>cautionem</span> <span class='ocrx_word' id='word_1_999' title='bbox 1783 4681 1893 4720; x_wconf 78' lang='lat' dir='ltr'>caseon·</span> <span class='ocrx_word' id='word_1_1000' title='bbox 1937 4661 1938 4664; x_wconf 65' lang='grc'>’</span> 
     </span>
     <span class='ocr_line' id='line_1_139' title="bbox 1089 4729 1893 4802; baseline 0.005 -20"><span class='ocrx_word' id='word_1_1001' title='bbox 1089 4735 1105 4782; x_wconf 86' lang='grc'>4</span> <span class='ocrx_word' id='word_1_1002' title='bbox 1140 4737 1224 4784; x_wconf 88' lang='lat' dir='ltr'>torem</span> <span class='ocrx_word' id='word_1_1003' title='bbox 1242 4729 1352 4798; x_wconf 79' lang='lat' dir='ltr'>ccipere</span> <span class='ocrx_word' id='word_1_1004' title='bbox 1370 4729 1453 4786; x_wconf 83' lang='lat' dir='ltr'>cleiet</span> <span class='ocrx_word' id='word_1_1005' title='bbox 1495 4729 1551 4786; x_wconf 83' lang='lat' dir='ltr'>Sed</span> <span class='ocrx_word' id='word_1_1006' title='bbox 1567 4731 1629 4786; x_wconf 89' lang='lat' dir='ltr'>licet</span> <span class='ocrx_word' id='word_1_1007' title='bbox 1645 4731 1707 4802; x_wconf 87' lang='lat' dir='ltr'>quir</span> <span class='ocrx_word' id='word_1_1008' title='bbox 1724 4733 1893 4786; x_wconf 76' lang='lat' dir='ltr'>exactionem</span> 
     </span>
     <span class='ocr_line' id='line_1_140' title="bbox 1088 4795 1892 4870; baseline 0.009 -20"><span class='ocrx_word' id='word_1_1009' title='bbox 1088 4795 1218 4868; x_wconf 86' lang='lat' dir='ltr'>repellere</span> <span class='ocrx_word' id='word_1_1010' title='bbox 1230 4799 1362 4868; x_wconf 86' lang='lat' dir='ltr'>potuerit,</span> <span class='ocrx_word' id='word_1_1011' title='bbox 1382 4805 1469 4852; x_wconf 90' lang='lat' dir='ltr'>tamea</span> <span class='ocrx_word' id='word_1_1012' title='bbox 1484 4815 1603 4870; x_wconf 83' lang='lat' dir='ltr'>praeses,</span> <span class='ocrx_word' id='word_1_1013' title='bbox 1622 4817 1681 4852; x_wconf 80' lang='lat' dir='ltr'>eram</span> <span class='ocrx_word' id='word_1_1014' title='bbox 1698 4801 1827 4866; x_wconf 81' lang='lat' dir='ltr'>rescierit,</span> <span class='ocrx_word' id='word_1_1015' title='bbox 1845 4819 1892 4856; x_wconf 82' lang='lat' dir='ltr'>ea·</span> 
     </span>
     <span class='ocr_line' id='line_1_141' title="bbox 1088 4867 1892 4948; baseline 0.002 -28"><span class='ocrx_word' id='word_1_1016' title='bbox 1088 4873 1237 4920; x_wconf 85' lang='lat' dir='ltr'>secutorem</span> <span class='ocrx_word' id='word_1_1017' title='bbox 1252 4881 1367 4920; x_wconf 86' lang='lat' dir='ltr'>auocare</span> <span class='ocrx_word' id='word_1_1018' title='bbox 1385 4867 1463 4920; x_wconf 84' lang='lat' dir='ltr'>debet</span> <span class='ocrx_word' id='word_1_1019' title='bbox 1475 4885 1587 4936; x_wconf 88' lang='lat' dir='ltr'>eamque</span> <span class='ocrx_word' id='word_1_1020' title='bbox 1599 4885 1617 4922; x_wconf 93' lang='grc' dir='ltr'>α</span> <span class='ocrx_word' id='word_1_1021' title='bbox 1631 4885 1686 4938; x_wconf 83' lang='grc' dir='ltr'>ηαο</span> <span class='ocrx_word' id='word_1_1022' title='bbox 1695 4869 1816 4940; x_wconf 80' lang='lat' dir='ltr'>eripitur</span> <span class='ocrx_word' id='word_1_1023' title='bbox 1826 4885 1892 4948; x_wconf 86' lang='lat' dir='ltr'>per·</span> 
     </span>
     <span class='ocr_line' id='line_1_142' title="bbox 1089 4933 1892 5006; baseline 0.006 -20"><span class='ocrx_word' id='word_1_1024' title='bbox 1089 4939 1103 4986; x_wconf 79' lang='lat'>5</span> <span class='ocrx_word' id='word_1_1025' title='bbox 1137 4933 1229 4988; x_wconf 88' lang='lat' dir='ltr'>sonali</span> <span class='ocrx_word' id='word_1_1026' title='bbox 1245 4933 1367 4988; x_wconf 72' lang='lat' dir='ltr'>caniani</span> <span class='ocrx_word' id='word_1_1027' title='bbox 1383 4933 1504 4990; x_wconf 77' lang='lat' dir='ltr'>scillcere</span> <span class='ocrx_word' id='word_1_1028' title='bbox 1521 4945 1547 4990; x_wconf 88' lang='lat' dir='ltr'>et</span> <span class='ocrx_word' id='word_1_1029' title='bbox 1563 4939 1677 5006; x_wconf 82' lang='lat' dir='ltr'>referre.</span> <span class='ocrx_word' id='word_1_1030' title='bbox 1710 4935 1791 5002; x_wconf 77' lang='lat' dir='ltr'>Quod</span> <span class='ocrx_word' id='word_1_1031' title='bbox 1807 4953 1829 4990; x_wconf 82' lang='grc' dir='ltr'>α</span> <span class='ocrx_word' id='word_1_1032' title='bbox 1847 4955 1892 4992; x_wconf 86' lang='grc' dir='ltr'><strong><em>ιιι-</em></strong></span> 
     </span>
     <span class='ocr_line' id='line_1_143' title="bbox 1088 5001 1892 5076; baseline 0.007 -22"><span class='ocrx_word' id='word_1_1033' title='bbox 1088 5001 1206 5072; x_wconf 81' lang='grc' dir='ltr'><strong><em>ηίεωονί1</em></strong></span> <span class='ocrx_word' id='word_1_1034' title='bbox 1223 5001 1264 5056; x_wconf 83' lang='grc' dir='ltr'>ναί</span> <span class='ocrx_word' id='word_1_1035' title='bbox 1274 5017 1391 5072; x_wconf 85' lang='lat' dir='ltr'>praeses</span> <span class='ocrx_word' id='word_1_1036' title='bbox 1407 5003 1450 5058; x_wconf 89' lang='lat' dir='ltr'>cel</span> <span class='ocrx_word' id='word_1_1037' title='bbox 1466 5005 1588 5074; x_wconf 78' lang='lat' dir='ltr'>officium</span> <span class='ocrx_word' id='word_1_1038' title='bbox 1606 5005 1663 5058; x_wconf 84' lang='lat' dir='ltr'>eius</span> <span class='ocrx_word' id='word_1_1039' title='bbox 1673 5005 1714 5060; x_wconf 90' lang='lat' dir='ltr'>acl</span> <span class='ocrx_word' id='word_1_1040' title='bbox 1725 5005 1750 5058; x_wconf 88' lang='lat' dir='ltr'>is</span> <span class='ocrx_word' id='word_1_1041' title='bbox 1764 5005 1803 5056; x_wconf 87' lang='grc' dir='ltr'>αιί</span> <span class='ocrx_word' id='word_1_1042' title='bbox 1816 5023 1892 5076; x_wconf 89' lang='lat' dir='ltr'>quem</span> 
     </span>
     <span class='ocr_line' id='line_1_144' title="bbox 1088 5069 1891 5136; baseline 0.007 -14"><span class='ocrx_word' id='word_1_1043' title='bbox 1088 5071 1171 5124; x_wconf 85' lang='lat' dir='ltr'>iussio</span> <span class='ocrx_word' id='word_1_1044' title='bbox 1194 5069 1297 5122; x_wconf 85' lang='lat' dir='ltr'>directa</span> <span class='ocrx_word' id='word_1_1045' title='bbox 1321 5071 1387 5136; x_wconf 89' lang='lat' dir='ltr'>crit,</span> <span class='ocrx_word' id='word_1_1046' title='bbox 1411 5071 1445 5126; x_wconf 86' lang='lat' dir='ltr'>de</span> <span class='ocrx_word' id='word_1_1047' title='bbox 1467 5089 1517 5126; x_wconf 87' lang='lat' dir='ltr'>sao</span> <span class='ocrx_word' id='word_1_1048' title='bbox 1539 5071 1737 5128; x_wconf 84' lang='lat' dir='ltr'>indemnitatem</span> <span class='ocrx_word' id='word_1_1049' title='bbox 1761 5081 1891 5128; x_wconf 81' lang='lat' dir='ltr'>connecto</span> 
     </span>
     <span class='ocr_line' id='line_1_145' title="bbox 1086 5137 1890 5212; baseline 0.007 -22"><span class='ocrx_word' id='word_1_1050' title='bbox 1086 5137 1239 5210; x_wconf 77' lang='lat' dir='ltr'>praestabit</span> <span class='ocrx_word' id='word_1_1051' title='bbox 1262 5143 1315 5190; x_wconf 92' lang='lat' dir='ltr'>tam</span> <span class='ocrx_word' id='word_1_1052' title='bbox 1337 5137 1454 5194; x_wconf 87' lang='lat' dir='ltr'>durante</span> <span class='ocrx_word' id='word_1_1053' title='bbox 1475 5155 1556 5210; x_wconf 89' lang='lat' dir='ltr'>qaam</span> <span class='ocrx_word' id='word_1_1054' title='bbox 1580 5139 1702 5212; x_wconf 84' lang='lat' dir='ltr'>deposito</span> <span class='ocrx_word' id='word_1_1055' title='bbox 1721 5141 1890 5212; x_wconf 84' lang='lat' dir='ltr'>mapistrata.</span> 
     </span>
     <span class='ocr_line' id='line_1_146' title="bbox 1088 5205 1892 5288; baseline 0.006 -28"><span class='ocrx_word' id='word_1_1056' title='bbox 1088 5213 1103 5260; x_wconf 84' lang='lat' dir='ltr'>t</span> <span class='ocrx_word' id='word_1_1057' title='bbox 1140 5205 1301 5260; x_wconf 84' lang='lat' dir='ltr'>Constitutlo</span> <span class='ocrx_word' id='word_1_1058' title='bbox 1325 5209 1389 5262; x_wconf 83' lang='lat' dir='ltr'>cari</span> <span class='ocrx_word' id='word_1_1059' title='bbox 1408 5209 1431 5260; x_wconf 93' lang='lat' dir='ltr'>it</span> <span class='ocrx_word' id='word_1_1060' title='bbox 1451 5225 1498 5262; x_wconf 87' lang='lat' dir='ltr'>eos</span> <span class='ocrx_word' id='word_1_1061' title='bbox 1526 5209 1572 5288; x_wconf 87' lang='lat' dir='ltr'>qui</span> <span class='ocrx_word' id='word_1_1062' title='bbox 1599 5209 1760 5262; x_wconf 84' lang='lat' dir='ltr'>tributarum</span> <span class='ocrx_word' id='word_1_1063' title='bbox 1785 5211 1892 5266; x_wconf 88' lang='lat' dir='ltr'>nomine</span> 
     </span>
     <span class='ocr_line' id='line_1_147' title="bbox 1088 5271 1887 5356; baseline 0.009 -30"><span class='ocrx_word' id='word_1_1064' title='bbox 1088 5281 1102 5326; x_wconf 84' lang='lat'><strong>7</strong></span> <span class='ocrx_word' id='word_1_1065' title='bbox 1140 5281 1269 5328; x_wconf 82' lang='lat' dir='ltr'>teneretur.</span> <span class='ocrx_word' id='word_1_1066' title='bbox 1304 5271 1363 5338; x_wconf 77' lang='lat' dir='ltr'>Quo</span> <span class='ocrx_word' id='word_1_1067' title='bbox 1400 5275 1425 5328; x_wconf 87' lang='lat' dir='ltr'>si</span> <span class='ocrx_word' id='word_1_1068' title='bbox 1437 5275 1581 5348; x_wconf 83' lang='lat' dir='ltr'>praesides</span> <span class='ocrx_word' id='word_1_1069' title='bbox 1596 5277 1691 5348; x_wconf 88' lang='lat' dir='ltr'>pretio</span> <span class='ocrx_word' id='word_1_1070' title='bbox 1709 5281 1834 5356; x_wconf 87' lang='lat' dir='ltr'>corrupti</span> <span class='ocrx_word' id='word_1_1071' title='bbox 1851 5281 1887 5332; x_wconf 90' lang='lat' dir='ltr'>ia-</span> 
     </span>
     <span class='ocr_line' id='line_1_148' title="bbox 1088 5341 1890 5424; baseline 0.002 -28"><span class='ocrx_word' id='word_1_1072' title='bbox 1088 5341 1260 5414; x_wconf 85' lang='lat' dir='ltr'>quisitionem</span> <span class='ocrx_word' id='word_1_1073' title='bbox 1285 5345 1468 5420; x_wconf 79' lang='lat' dir='ltr'>suorosaactis</span> <span class='ocrx_word' id='word_1_1074' title='bbox 1490 5345 1635 5416; x_wconf 81' lang='lat' dir='ltr'>scripturis</span> <span class='ocrx_word' id='word_1_1075' title='bbox 1655 5347 1812 5424; x_wconf 84' lang='lat' dir='ltr'>propositas</span> <span class='ocrx_word' id='word_1_1076' title='bbox 1836 5365 1890 5400; x_wconf 89' lang='lat' dir='ltr'>non</span> 
     </span>
     <span class='ocr_line' id='line_1_149' title="bbox 1085 5409 1890 5484; baseline 0.005 -20"><span class='ocrx_word' id='word_1_1077' title='bbox 1085 5411 1205 5482; x_wconf 83' lang='lat' dir='ltr'>fecerint</span> <span class='ocrx_word' id='word_1_1078' title='bbox 1218 5409 1260 5464; x_wconf 87' lang='lat' dir='ltr'>nel</span> <span class='ocrx_word' id='word_1_1079' title='bbox 1271 5415 1351 5464; x_wconf 86' lang='lat' dir='ltr'>ettam</span> <span class='ocrx_word' id='word_1_1080' title='bbox 1365 5413 1542 5468; x_wconf 80' lang='lat' dir='ltr'>coniventiam</span> <span class='ocrx_word' id='word_1_1081' title='bbox 1553 5417 1751 5482; x_wconf 76' lang='lat' dir='ltr'>praestiterant,</span> <span class='ocrx_word' id='word_1_1082' title='bbox 1769 5421 1797 5468; x_wconf 91' lang='lat' dir='ltr'>et</span> <span class='ocrx_word' id='word_1_1083' title='bbox 1810 5431 1890 5484; x_wconf 86' lang='lat' dir='ltr'>peca-</span> 
     </span>
     <span class='ocr_line' id='line_1_150' title="bbox 1088 5477 1891 5550; baseline 0.006 -18"><span class='ocrx_word' id='word_1_1084' title='bbox 1088 5479 1176 5532; x_wconf 89' lang='lat' dir='ltr'>niaria</span> <span class='ocrx_word' id='word_1_1085' title='bbox 1193 5477 1278 5530; x_wconf 90' lang='lat' dir='ltr'>multa</span> <span class='ocrx_word' id='word_1_1086' title='bbox 1291 5479 1446 5548; x_wconf 87' lang='lat' dir='ltr'>puniuntur</span> <span class='ocrx_word' id='word_1_1087' title='bbox 1459 5487 1486 5536; x_wconf 91' lang='lat' dir='ltr'>et</span> <span class='ocrx_word' id='word_1_1088' title='bbox 1502 5481 1664 5550; x_wconf 85' lang='lat' dir='ltr'>maqistratu</span> <span class='ocrx_word' id='word_1_1089' title='bbox 1678 5491 1848 5536; x_wconf 86' lang='lat' dir='ltr'>removentur</span> <span class='ocrx_word' id='word_1_1090' title='bbox 1865 5491 1891 5536; x_wconf 87' lang='lat' dir='ltr'>et</span> 
     </span>
     <span class='ocr_line' id='line_1_151' title="bbox 1088 5545 1890 5620; baseline 0 -18"><span class='ocrx_word' id='word_1_1091' title='bbox 1088 5551 1101 5602; x_wconf 84' lang='grc'>8</span> <span class='ocrx_word' id='word_1_1092' title='bbox 1137 5545 1170 5600; x_wconf 84' lang='lat' dir='ltr'>cle</span> <span class='ocrx_word' id='word_1_1093' title='bbox 1187 5545 1275 5602; x_wconf 85' lang='lat' dir='ltr'>salute</span> <span class='ocrx_word' id='word_1_1094' title='bbox 1286 5547 1488 5618; x_wconf 85' lang='lat' dir='ltr'>periclitantur.</span> <span class='ocrx_word' id='word_1_1095' title='bbox 1526 5547 1617 5602; x_wconf 88' lang='lat' dir='ltr'>Omnis</span> <span class='ocrx_word' id='word_1_1096' title='bbox 1640 5555 1728 5604; x_wconf 87' lang='lat' dir='ltr'>autem</span> <span class='ocrx_word' id='word_1_1097' title='bbox 1753 5549 1800 5604; x_wconf 82' lang='lat' dir='ltr'>lea</span> <span class='ocrx_word' id='word_1_1098' title='bbox 1821 5567 1890 5620; x_wconf 91' lang='lat' dir='ltr'>qaae</span> 
     </span>
     <span class='ocr_line' id='line_1_152' title="bbox 1086 5611 1891 5696; baseline 0.002 -28"><span class='ocrx_word' id='word_1_1099' title='bbox 1086 5611 1250 5668; x_wconf 76' lang='lat' dir='ltr'>inaurienda</span> <span class='ocrx_word' id='word_1_1100' title='bbox 1274 5619 1315 5668; x_wconf 88' lang='lat' dir='ltr'>est</span> <span class='ocrx_word' id='word_1_1101' title='bbox 1333 5615 1416 5688; x_wconf 80' lang='lat' dir='ltr'>prius</span> <span class='ocrx_word' id='word_1_1102' title='bbox 1433 5617 1587 5696; x_wconf 75' lang='lat' dir='ltr'>praesectis</span> <span class='ocrx_word' id='word_1_1103' title='bbox 1610 5615 1773 5670; x_wconf 81' lang='lat' dir='ltr'>ostendenda</span> <span class='ocrx_word' id='word_1_1104' title='bbox 1792 5625 1842 5680; x_wconf 85' lang='lat' dir='ltr'>est,</span> <span class='ocrx_word' id='word_1_1105' title='bbox 1867 5617 1891 5670; x_wconf 89' lang='lat' dir='ltr'>is</span> 
     </span>
     <span class='ocr_line' id='line_1_153' title="bbox 1087 5683 1887 5754; baseline 0 -16"><span class='ocrx_word' id='word_1_1106' title='bbox 1087 5697 1149 5738; x_wconf 88' lang='lat' dir='ltr'>vero</span> <span class='ocrx_word' id='word_1_1107' title='bbox 1167 5683 1215 5752; x_wconf 91' lang='lat' dir='ltr'>qui</span> <span class='ocrx_word' id='word_1_1108' title='bbox 1232 5699 1290 5736; x_wconf 88' lang='lat' dir='ltr'>carn</span> <span class='ocrx_word' id='word_1_1109' title='bbox 1308 5683 1337 5736; x_wconf 90' lang='lat' dir='ltr'>in</span> <span class='ocrx_word' id='word_1_1110' title='bbox 1352 5685 1526 5754; x_wconf 83' lang='lat' dir='ltr'>praecariam</span> <span class='ocrx_word' id='word_1_1111' title='bbox 1538 5689 1644 5754; x_wconf 88' lang='lat' dir='ltr'>portat,</span> <span class='ocrx_word' id='word_1_1112' title='bbox 1661 5701 1714 5738; x_wconf 79' lang='lat' dir='ltr'>secr</span> <span class='ocrx_word' id='word_1_1113' title='bbox 1732 5701 1829 5738; x_wconf 87' lang='lat' dir='ltr'>aureos</span> <span class='ocrx_word' id='word_1_1114' title='bbox 1847 5701 1887 5740; x_wconf 78' lang='lat' dir='ltr'>ac·</span> 
     </span>
     <span class='ocr_line' id='line_1_154' title="bbox 1087 5749 1890 5824; baseline 0 -18"><span class='ocrx_word' id='word_1_1115' title='bbox 1087 5749 1167 5824; x_wconf 83' lang='lat' dir='ltr'>cipit,</span> <span class='ocrx_word' id='word_1_1116' title='bbox 1179 5749 1337 5822; x_wconf 85' lang='lat' dir='ltr'>praesidem</span> <span class='ocrx_word' id='word_1_1117' title='bbox 1353 5757 1444 5806; x_wconf 86' lang='lat' dir='ltr'>autern</span> <span class='ocrx_word' id='word_1_1118' title='bbox 1459 5753 1594 5824; x_wconf 80' lang='lat' dir='ltr'>festinare</span> <span class='ocrx_word' id='word_1_1119' title='bbox 1613 5757 1734 5822; x_wconf 88' lang='lat' dir='ltr'>oportet,</span> <span class='ocrx_word' id='word_1_1120' title='bbox 1752 5757 1783 5806; x_wconf 90' lang='lat' dir='ltr'>at</span> <span class='ocrx_word' id='word_1_1121' title='bbox 1799 5751 1890 5806; x_wconf 75' lang='lat' dir='ltr'>edicta</span> 
     </span>
     <span class='ocr_line' id='line_1_155' title="bbox 1086 5817 1890 5892; baseline -0.002 -18"><span class='ocrx_word' id='word_1_1122' title='bbox 1086 5819 1142 5874; x_wconf 83' lang='lat' dir='ltr'>suis</span> <span class='ocrx_word' id='word_1_1123' title='bbox 1160 5817 1283 5872; x_wconf 78' lang='lat' dir='ltr'>omatibus</span> <span class='ocrx_word' id='word_1_1124' title='bbox 1300 5817 1410 5874; x_wconf 83' lang='lat' dir='ltr'>urbibus</span> <span class='ocrx_word' id='word_1_1125' title='bbox 1427 5837 1497 5890; x_wconf 87' lang='lat' dir='ltr'>qaae</span> <span class='ocrx_word' id='word_1_1126' title='bbox 1514 5819 1567 5890; x_wconf 88' lang='lat' dir='ltr'>ipsi</span> <span class='ocrx_word' id='word_1_1127' title='bbox 1583 5819 1717 5874; x_wconf 80' lang='lat' dir='ltr'>sribiectae</span> <span class='ocrx_word' id='word_1_1128' title='bbox 1734 5827 1797 5872; x_wconf 83' lang='lat' dir='ltr'>suat</span> <span class='ocrx_word' id='word_1_1129' title='bbox 1819 5819 1890 5892; x_wconf 78' lang='lat' dir='ltr'>lcqes</span> 
     </span>
    </p>
   </div>
   <div class='ocr_carea' id='block_1_16' title="bbox 0 0 2130 6258">
    <p class='ocr_par' dir='ltr' id='par_1_23' title="bbox 0 0 2130 6258">
     <span class='ocr_line' id='line_1_156' title="bbox 0 0 2130 6258; baseline 0 1"><span class='ocrx_word' id='word_1_1130' title='bbox 0 0 2130 6258; x_wconf 95' lang='lat' dir='ltr'> </span> 
     </span>
    </p>
   </div>
  </div>
 </body>
</html>
