4250 6258
243 339 302 420 11¹

1721 339 1767 418 οε
1792 337 1905 418 sunus

923 441 1224 460 mh·

239 535 324 596 οῦτως
340 539 457 610 ἐχόντων
475 535 666 622 ’άναθεματίζο
686 559 717 592 εκ
733 541 825 596 πάσαν
845 541 954 612 αἵρεσιν,
979 541 1047 602 igue·

239 613 321 684 ρέτως
338 609 368 664 δέ
385 605 533 680 Νεστόριον
549 627 599 660 τον
615 561 854 682 άνθρωαολάτρηυ
875 613 920 662 καί
938 605 996 660 τοῦς
1013 605 1048 658 τά

241 675 322 732 αῦτοῦ
345 673 529 750 φρονήσαντας
551 671 567 742 ἢ
587 679 769 760 φρονοῦντας,
798 677 858 730 τοῦς
881 673 1049 744 διαιροῦντας

239 745 289 800 τόν
311 751 358 798 ἕνα
381 737 572 826 κύριονῐὴμών
597 745 690 808 ίησυῦν
706 743 829 866 Χρηστόν
853 743 903 796 τὸν
923 741 983 796 υἱὸν
1000 745 1047 796 τοῦ

241 815 307 868 θεοῦ
324 817 369 866 καί
386 809 454 864 θεὸν
471 831 547 892 ημων
564 817 609 864 καί
624 809 662 880 μὴ
679 807 728 880 ὁμο
759 815 873 884 γοῦντας
891 815 987 882 κυρίως
1004 815 1048 862 καί

239 881 307 934 κατά
324 877 456 946 άλήθειαν
463 899 513 946 την
527 873 608 952 άγίαν
620 877 729 944 ἔνδοξον
743 877 1048 950 άειττάρθενονΜαρίαν

239 945 378 1012 θεοτόκου,
401 949 522 1000 τουτέστι
545 953 648 1020 μητέρα
665 949 742 1012 θεοῦ,
766 943 833 1000 ἀλλὰ
851 943 899 998 δύο
915 945 985 1000 υἱούς
1010 943 1047 998 λέ-

239 1033 347 1090 γοντας,
374 1011 455 1066 άλλον
476 1015 527 1082 μέν
549 1015 600 1068 τόν
621 1019 650 1068 έκ
673 1019 720 1070 τοῦ
742 1013 845 1086 πατρὸς
867 1013 937 1066 θεόν
960 1009 1048 1098 λόγου,

239 1081 321 1136 ἄλλον
339 1081 369 1136 δέ
386 1081 432 1136 τόν
449 1085 477 1134 iu
494 1085 540 1150 τῆς
557 1077 632 1156 άγίας
649 1081 833 1156 άειπαρθέυου
854 1087 900 1134 καί
917 1083 1048 1136 θεοτόκου

241 1157 360 1224 Μαρίας,
383 1149 470 1236 χάριτι
493 1147 522 1204 δέ
544 1157 588 1204 καί
611 1157 696 1218 σχέσει
714 1155 758 1204 καί
776 1147 908 1204 οἰκειώσει
925 1153 960 1224 τῇ
982 1147 1049 1224 πρὸς

239 1217 288 1272 τόν
311 1219 379 1272 θεὸν
400 1217 479 1290 λογον
501 1217 569 1272 θεόν
593 1217 675 1274 αῦτόυ
690 1237 720 1292 γε
737 1217 862 1286 ενῆσθαι,
887 1223 932 1270 καί
956 1213 1047 1290 ἀρνου-

239 1291 332 1354 μένους
346 1291 390 1340 καί
399 1285 435 1354 μὴ
450 1279 644 1360 ὁμολογοῦντας
657 1285 707 1340 τὸν
716 1237 853 1370 δεσπότην
862 1281 941 1354 ἡμῶνΙ
947 1283 1048 1352 Ἰησοῦν

245 1353 360 1426 Χριστόν
377 1355 425 1408 τὸν
442 1353 501 1408 υἱόν
517 1357 566 1408 τοῦ
582 1357 650 1408 θεοῦ
668 1357 713 1408 καὶ
729 1351 799 1406 θεόν
816 1357 901 1422 ημιῦν,
919 1351 969 1408 τὸν
986 1373 1047 1428 σαρ-

240 1423 368 1474 κωθέντα
385 1427 429 1474 καῖ
447 1421 702 1494 ἐνανθρωατὴσαντα
722 1425 766 1474 καί
784 1423 982 1496 σταυρωθέντα
1000 1427 1048 1476 ἕνα

240 1491 315 1542 εἶναι
334 1493 380 1558 τῖης
406 1485 481 1564 ἁγίας
506 1495 550 1544 καί
576 1487 715 1558 όμοουσιόυ
740 1487 855 1564 τριάδος.
896 1489 972 1544 οὗτος
996 1489 1047 1564 γάρ

239 1555 321 1626 μόνος
338 1561 411 1612 ἐστίν
428 1555 443 1612 ό
460 1555 741 1630 συμπροσκυνούμενος
761 1561 807 1610 καί
824 1555 1049 1628 συνδοξαζόμενος

241 1631 255 1678 8
276 1629 330 1694 'vai
339 1633 421 1702 πατρί
432 1633 476 1680 καί
492 1627 532 1694 τῷ
551 1621 618 1696 άγίηι
632 1625 774 1694 πνεύματι.
799 1621 1048 1696 Ἀναπθεματίζομεν

241 1691 270 1746 δέ
295 1699 339 1748 καί
356 1693 475 1762 Εὐτυχέα
500 1693 549 1746 τόν
567 1693 738 1774 φρενοβλαβῆ
764 1699 809 1746 καί
833 1693 894 1748 τοῦς
914 1693 949 1748 τά
966 1693 1047 1748 αὐτοῦ

242 1761 425 1848 φρονήσαντας
448 1757 654 1832 ἢφρονουντας,
678 1761 739 1816 τοῦς
757 1771 912 1846 φαντασίαν
929 1761 1047 1836 εἰσάγον-

240 1849 287 1882 τας
308 1835 482 1904 αρνουμένους
504 1849 534 1882 τε
556 1827 607 1896 τὴν
629 1831 657 1882 ἐκ
680 1831 727 1896 τῆς
749 1837 825 1900 αγίας
844 1833 986 1906 παρθένου
1004 1833 1047 1882 καί

241 1897 371 1952 θεοτόκου
383 1903 489 1970 Μαρίας
506 1893 641 1964 ἀληθινὴν
658 1897 796 1970 σάρκωσιν
812 1901 861 1952 τοῦ
878 1905 968 1972 κυρίου
985 1899 1047 1950 καίι

241 1969 358 2038 σωτῆρος
374 1961 450 2034 ημών
465 1961 550 2030 Ἰησοῦ
565 1969 692 2038 Χριστοῦ,
710 1971 832 2020 τουτέστι
849 1967 899 2034 τὴν
917 1963 1048 2038 ἡμετέραν

241 2039 391 2106 σωτηρίαν,
414 2035 459 2084 καί
479 2031 516 2102 μὴ
533 2025 726 2104 ὁμολογοῦντας
743 2029 825 2088 αύτόν
843 2031 985 2104 όμοούσιον
1007 2035 1047 2100 τῷ

242 2107 324 2176 πατρί
349 2097 417 2154 κατὰ
441 2099 491 2166 την
516 2099 636 2168 θεότητα
659 2107 703 2152 καί
727 2097 869 2170 ῦμοούσιον
891 2099 954 2172 ἡμῖν
979 2101 1048 2154 κατά

241 2175 255 2224 9
284 2167 340 2236 τὴν
366 2163 576 2240 άνθρωτιότητα.
624 2167 675 2224 Τὸν
708 2165 790 2224 αύτόν
821 2169 851 2224 δέ
875 2169 977 2246 τρόπον
1003 2175 1047 2222 καί

238 2233 438 2308 Ἀπολλινάριον
463 2235 511 2290 τὸν
538 2235 717 2310 φυχοφθόρον
748 2245 794 2290 καί
821 2239 882 2294 τοῦς
906 2239 941 2292 τά
966 2233 1047 2290 αὐτοῦ

242 2305 426 2388 φρονήσαντας
446 2299 462 2372 ἢ
485 2309 642 2376 φρυνοῦτας,
665 2305 726 2358 τοῦς
748 2303 830 2360 άνυυν
851 2307 976 2380 λέγοντας
998 2305 1047 2358 τόν

240 2393 332 2446 κυριου
362 2367 439 2440 ipsiu
463 2369 564 2440 Ἰησοῦν
590 2371 712 2446 Χριστὸν
740 2373 789 2428 τόν
819 2375 882 2428 υἱὸν
905 2377 953 2428 τοῦ
979 2375 1047 2428 θεοῦ

242 2447 285 2494 καί
302 2439 372 2494 θεὸν
389 2437 465 2512 hucin
482 2447 526 2494 καί
545 2439 671 2514 σύγχυσιν
687 2439 746 2508 ἤτοι
767 2443 872 2516 φυρμὸν
893 2441 1047 2516 εἰσάγοντας

245 2511 275 2582 τῇ
293 2507 501 2582 ένανθρωτὴσει
524 2511 572 2562 τοῦ
587 2513 745 2582 μονογενοῦς
768 2509 826 2564 υἱοῦ
843 2515 892 2564 τοῦ
909 2513 984 2572 θεοῦ,
1003 2515 1047 2562 καί

242 2575 344 2630 πάντας
374 2575 435 2630 τοῦς
458 2575 492 2628 τά
508 2571 611 2630 αῦτών
637 2575 823 2648 φρονήσαντας
841 2575 856 2646 ἢ
874 2581 1046 2650 φρονοῦντας.

243 2643 273 2698 D.
291 2645 327 2698 id.
336 2643 418 2698 Mart.
437 2645 480 2698 dn.
491 2641 644 2698 Iustiniana
656 2665 707 2716 pp.
717 2647 748 2700 Α.
767 2661 809 2700 m
824 2665 896 2702 eous.
932 2647 967 2716 [a.
986 2649 1044 2728 533]

278 2711 312 2764 Τό
335 2707 401 2764 aivi
424 2707 560 2794 Ἐφεσίοις,
582 2711 614 2766 τὸ
639 2713 705 2766 αὐτὸ
730 2717 905 2786 Καισαρεῦσι,
929 2713 962 2768 τό
980 2713 1045 2768 αύτο

242 2783 404 2846 Κυζικηνοῖς,
430 2799 462 2834 το
485 2775 550 2834 aivi
566 2777 714 2848 Ἀμιδηνοῖς
735 2787 957 2856 Τραπεζουντίοις
973 2777 1045 2854 Ἰερο-

241 2847 392 2916 σολυμίταις
406 2845 569 2918 Ἀτιαμεῦσιν
590 2847 903 2904 Ἰουστινιανουαολίταις
932 2855 1044 2904 θεουπο-

242 2913 326 2968 λίταις
342 2921 522 2984 Σεβαστηνοῖς
544 2915 690 2990 Ταρσεῦσιν
707 2913 882 2992 Ἀγκυρανοῖς.

275 2979 293 3040 7
312 2977 355 3036 2Ὁ
372 2979 450 3038 αὐτὸς
473 2983 596 3052 βασιλεὺς
609 2981 767 3068 ’βπιφανίῳ’
781 2989 822 3054 'cai
839 2983 856 3040 ά
874 2987 1045 3070 ιωτάτῳμαί

866 3061 873 3078 Ι

240 3049 438 3124 μακαριωτάτη
470 3047 670 3122 άρχιεπισκοπη)
701 3073 747 3120 της
777 3061 843 3124 βασι
861 3053 915 3108 cios
947 3073 1045 3122 ταυτης

242 3227 271 3288 θ)
290 3227 324 3274 sia
347 3225 433 3276 Chron.
455 3209 543 3288 Consi,
561 3223 630 3276 θεοῦ
647 3229 695 3276 καί
711 3229 756 3278 ius.
775 3227 874 3280 Nomos.
893 3229 919 3280 B
987 3229 1020 3292 (2)
1039 3241 1080 3280 αῖ

242 3311 298 3344 των
319 3293 399 3346 Conse.

242 3493 364 3558 habeant,
380 3491 537 3548 damnamus
551 3509 652 3548 omnem
662 3493 801 3562 haeresim,
810 3495 942 3568 imprimis
952 3495 1047 3550 Nesto·

241 3563 312 3618 rium
328 3559 444 3616 hominis
461 3561 634 3616 adoratorem
651 3569 678 3616 et
695 3565 798 3634 eosqui
815 3565 873 3618 eius
890 3565 1047 3618 sententiam

242 3629 362 3702 amphori
385 3633 448 3682 sunt
470 3629 512 3684 vet
534 3647 576 3684 am
597 3629 739 3694 hectuntur,
762 3631 810 3700 qui
828 3631 951 3686 dividunt
966 3649 1047 3686 unum

242 3697 377 3750 dominum
410 3703 532 3752 nostrum
574 3715 646 3752 esum
674 3697 807 3752 Christum
839 3699 927 3768 fitium
955 3697 999 3754 dei
1022 3705 1050 3754 et

242 3765 319 3820 deum
339 3769 460 3820 nostrum
482 3771 635 3836 nepantvue
652 3767 769 3838 proprie
791 3771 818 3820 et
840 3785 870 3822 re
891 3783 954 3822 vera
970 3783 1047 3820 sanc·

244 3839 297 3888 tam
317 3833 465 3904 phoriosam
487 3849 594 3904 semper
614 3835 745 3906 virpinem
762 3833 881 3888 Mariam
899 3833 1047 3906 deiparam,

242 3901 271 3956 id
287 3905 328 3956 est
342 3901 387 3958 dei
402 3907 522 3966 matrem
539 3901 588 3956 sed
603 3901 672 3958 duos
686 3903 759 3972 filios
773 3901 867 3958 dicuat
881 3903 994 3958 alterum
1012 3919 1048 3958 en

239 3975 321 4042 patre
337 3967 413 4024 deum
430 3967 549 4034 nahum,
571 3969 685 4024 atterum
707 3987 744 4024 eoo
760 3979 858 4024 sanata
874 3985 978 4042 semper
996 3973 1047 4028 vir-

242 4039 305 4108 pine
325 4043 354 4092 et
374 4035 417 4090 dei
437 4037 572 4108 penetriee
588 4035 693 4102 Μααία,
716 4037 808 4110 pratia
826 4043 853 4094 et
869 4057 942 4094 nean
959 4045 987 4094 et
1003 4057 1047 4094 ne-

243 4103 410 4170 cessitudine,
437 4123 507 4174 ηυαε
531 4105 555 4158 ei
578 4123 636 4158 anm
659 4103 708 4162 deo
731 4105 811 4162 verho
834 4113 888 4172 est,
911 4113 939 4162 et
959 4107 1047 4180 ipsum

242 4173 320 4228 ιίευια
335 4173 441 4244 factum
458 4189 530 4228 esse:
551 4179 706 4246 recusantes
722 4181 750 4230 et
766 4181 897 4246 maeatas
912 4175 1047 4228 dominum

242 4245 363 4296 nostrum
377 4239 466 4294 Iesum
478 4239 610 4294 Ohristum
648 4241 711 4296 tium
728 4243 772 4298 dei
789 4249 816 4298 et
833 4243 909 4296 deum
926 4249 1048 4298 nostrum

243 4309 411 4364 incarnatum
429 4313 456 4362 et
477 4309 552 4362 muci
572 4309 609 4364 ad
628 4327 695 4364 num
718 4327 800 4366 unam
821 4327 877 4366 esse
893 4317 1005 4372 sanctae
1022 4315 1049 4366 et

243 4375 480 4434 coruubstantiatis
497 4375 634 4432 trinitatis.
670 4377 714 4432 hic
730 4379 800 4434 enim
816 4379 892 4434 sotus
909 4387 951 4434 est
966 4379 1047 4432 coad-

243 4443 363 4498 vrandus
389 4449 417 4498 et
437 4443 684 4516 conplorifieandus
706 4447 786 4518 patri
806 4451 835 4502 et
855 4453 950 4502 sancto
967 4447 1047 4520 spiri-

243 4515 258 4564 8
293 4513 339 4566 tui.
378 4511 544 4566 Damnamus
566 4513 645 4566 etiam
668 4513 847 4586 Eutychetem
870 4519 957 4570 merite
983 4531 1046 4588 cap-

244 4585 299 4632 tum
324 4597 422 4650 eosque
447 4579 494 4650 qai
520 4579 577 4634 eim
601 4583 760 4636 sententiam
782 4581 903 4654 amplecti
924 4589 989 4638 sunt
1007 4583 1048 4638 vet

243 4645 447 4718 ampieetuntur,
462 4647 510 4720 qui
521 4647 648 4704 visionem
657 4649 830 4706 inducuntne
849 4657 1046 4722 antqueverum

243 4729 280 4792 ea
299 4721 394 4768 sancta
416 4717 521 4794 virpine
542 4721 568 4770 et
591 4715 633 4770 dei
656 4717 790 4796 penetriae
839 4719 900 4774 aria
921 4717 1047 4772 incarna-

245 4789 341 4834 tionem
362 4783 462 4836 domim
487 4789 514 4838 et
535 4783 681 4840 servatoru
701 4785 789 4840 nostri
810 4787 873 4842 Iesu
892 4785 998 4852 Christi,
1019 4787 1050 4840 id

243 4853 284 4902 est
299 4849 411 4904 satutem
428 4857 556 4918 nostram,
581 4869 666 4924 neque
684 4861 838 4924 apnoscunt
859 4871 918 4910 eum
935 4855 1047 4910 cansuh-

242 4915 395 4972 stantiadem
409 4935 476 4974 ¹esse
486 4919 567 4990 pavi
583 4921 727 4974 seeundum
749 4915 915 4978 divinitatem
938 4929 966 4978 et
986 4939 1047 4978 ean-

243 4989 258 5038 9
284 4981 485 5040 substantialem
494 4987 572 5042 nohis
581 4987 726 5056 secundum
735 4987 935 5044 humanitatem.
954 4989 1048 5062 Neque

243 5053 330 5106 minvs
338 5053 537 5122 Apollinarium
554 5055 660 5110 animae
681 5057 918 5112 euterminatvrcm
941 5075 1047 5128 eosque,

243 5121 291 5244 γμί
313 5119 370 5176 eim
389 5123 549 5198 sententiam
570 5125 691 5194 amplexi
712 5131 777 5180 sunt
792 5125 835 5182 ael
851 5125 1048 5198 amplectuntur

262 5191 360 5244 icentes
392 5203 483 5242 amma
517 5205 610 5244 carere
644 5191 780 5248 dominam
809 5199 932 5248 nostram
958 5191 1048 5248 Iesum

246 5257 377 5332 Christum
392 5255 478 5326 fitium
495 5255 539 5310 dei
554 5263 582 5312 et
593 5257 669 5314 deum
687 5267 809 5316 nostrum
827 5267 853 5316 et
862 5261 1048 5332 confusionem

243 5337 296 5380 seu
308 5323 540 5398 perturbationem
563 5329 772 5396 superducentes
788 5329 973 5384 incarnationi
989 5331 1047 5384 ani-

244 5393 328 5464 peniti
341 5393 395 5464 fitii
411 5391 462 5456 dei,
481 5407 624 5462 omnesque
641 5395 687 5464 qui
704 5413 797 5452 eorum
818 5397 975 5452 sententiam
993 5415 1047 5452 am-

242 5461 321 5532 pheai
337 5467 401 5516 sunt
416 5459 458 5530 vet
474 5459 678 5530 amplectuntur.
713 5463 747 5518 D.
765 5465 801 5518 id.
812 5461 894 5520 Mart.
912 5465 955 5520 dn.
966 5463 1047 5520 Iusti-

244 5529 325 5582 niana
339 5545 389 5600 pp.
407 5529 438 5584 Α.
458 5541 498 5582 αι
513 5543 585 5582 cons.

278 5595 353 5650 Idem
375 5593 514 5668 Ephesiis,
537 5593 606 5650 idem
632 5593 861 5664 Caesariensihus,
884 5599 953 5656 idem
971 5599 1047 5672 szi

245 5663 324 5730 cenis,
341 5661 411 5726 idem
427 5661 771 5736 Amidenishhapezuntiis
790 5665 1048 5740 hierosolymitanis

245 5731 267 5788 Α
280 5731 370 5804 Ιαιαυίε
386 5731 669 5804 Iustinianopolitanis
684 5731 1048 5806 TheopvtitanisSeha'stenis

267 5797 418 5856 assensibus
434 5799 594 5872 Ancyranis,
738 5819 740 5824 ’

1099 535 1203 596 πόλεως
1225 543 1270 592 καὶ
1295 537 1468 604 οῖκουμενικηῖ
1493 535 1652 622 πατριάρχη.
1673 533 1837 600 ΓανώσυεινΙ
1847 535 1905 602 βου·

1099 607 1207 676 λόμενοι
1232 605 1284 674 τὴν
1307 603 1361 670 ’σὴν
1385 599 1545 676 ἁγιωσύνην
1571 625 1662 660 πάντα
1688 601 1722 658 τά
1753 603 1790 656 eis
1820 599 1907 668 ἐκκλη-

1099 673 1239 742 σιαστικην
1263 667 1371 744 ὁρώντα
1393 671 1561 726 κατάστασιν
1578 667 1725 746 ἀναγκαῖον
1746 665 1907 744 ’ἡγησάμεθα

1098 741 1209 796 ταύταις
1225 739 1291 812 πρὸς
1310 735 1371 792 αὖτ’
1410 739 1566 812 χρησασθαι
1583 745 1641 794 ταῖς
1658 741 1748 808 θείαιςΙ
1765 735 1908 808 συλλαβαῖς

1098 817 1143 864 καὶ
1162 809 1198 864 δι’
1219 805 1311 862 adadu
1329 761 1395 874 δῆλά
1418 805 1487 882 αύτῇ
1505 811 1672 876 καταστῆσαι
1697 805 1730 862 τ’όι
1751 805 1908 872 κινηθέντα,

1101 885 1111 934 1
1149 875 1217 952 άπερ
1247 883 1292 930 καί
1319 873 1404 944 αὐτὴν
1427 875 1528 930 εἰδέναι
1553 877 1734 946 πεπείσμεθα.
1777 867 1908 944 Εῦρόντες

1097 947 1149 1018 γάρ
1166 963 1242 1000 τινας
1259 941 1411 1016 ἀλλοτρίους
1427 947 1473 1012 τῆς
1491 939 1566 1018 άγίας
1581 943 1726 1012 καθολικῖης
1741 947 1785 994 καί
1796 937 1907 994 duvone·

1099 1015 1170 1084 λαιῆς
1192 1011 1339 1082 ἐκκλησίας,
1362 1015 1397 1086 τῇ
1418 1015 1476 1066 ταῖν
1493 1009 1603 1082 ἀσεβεῖν
1621 1015 1770 1084 Νεστορίου
1793 1015 1838 1064 καὶ
1856 1005 1908 1060 Ei·

1098 1087 1187 1150 τυχέος
1203 1077 1420 1134 άκολουθοῦντας
1437 1077 1526 1152 πλάνη
1541 1087 1585 1132 καί
1599 1085 1657 1132 ταῖς
1667 1077 1781 1132 τούτων
1790 1075 1908 1148 βλασφηε

1097 1159 1171 1222 μίαις
1193 1153 1372 1222 κεχρημένους,
1394 1149 1475 1202 θεῖον
1497 1147 1637 1220 προεθῆκα
1659 1141 1908 1216 euthichianistae

1098 1225 1143 1272 καί
1160 1213 1176 1286 ἦ
1193 1217 1227 1284 οη
1243 1213 1370 1288 γινώσκει
1391 1211 1536 1288 άγιωσῦνη,
1561 1213 1598 1270 δι’
1618 1237 1647 1270 ου
1669 1213 1719 1282 τὴν
1736 1215 1795 1268 τών
1813 1213 1907 1282 αἱρετι-

1098 1289 1157 1340 κών
1172 1291 1275 1354 μανίαν
1292 1281 1446 1358 ἠλέγξαμεν,
1465 1279 1545 1338 οὐδέν
1562 1281 1701 1340 παντελεῖς
1717 1279 1908 1342 ἐναλλάξαντες

1098 1349 1115 1420 ἢ
1139 1351 1344 1408 ἐναλλάττοντες
1361 1351 1377 1420 ἢ
1400 1351 1614 1424 παρεξελθόντες
1635 1355 1681 1418 τῆς
1697 1355 1773 1420 μέχρι
1790 1351 1842 1402 νῦν
1859 1345 1908 1402 οὒκ

1098 1423 1160 1488 θεηῖ
1178 1419 1324 1492 κρατούσης
1333 1417 1550 1486 ἐκκλησιαστικαῖς
1564 1417 1759 1482 καταστάσεως,
1769 1415 1845 1470 καθά
1863 1419 1907 1468 καί

1099 1485 1114 1556 ἡ
1132 1487 1165 1556 σὴ
1176 1489 1302 1560 γινώσκει
1313 1485 1484 1560 μακαριότης,
1501 1483 1569 1540 άλλά
1581 1483 1626 1540 διά
1637 1487 1752 1542 πάντων
1763 1483 1908 1558 φυλάττον-

1097 1575 1140 1610 τες
1166 1555 1215 1624 nipe
1242 1549 1409 1610 κατάστασιν
1434 1557 1480 1624 τῆς
1507 1555 1629 1610 ένώσεως
1658 1557 1716 1608 τών
1748 1549 1908 1626 ἁγιωτάτων

1099 1623 1247 1690 ἐκκλησιῶν
1262 1623 1308 1690 τῆς
1322 1621 1389 1696 πρὸς
1406 1621 1455 1678 τόν
1471 1619 1625 1696 ἁγιώτατον
1634 1621 1731 1680 πάπαν
1739 1627 1785 1690 τῆς
1794 1627 1907 1692 πρεσβυ-

1097 1697 1174 1766 τέρας
1192 1687 1290 1760 Ῥώμης
1310 1697 1356 1744 καῖ
1380 1687 1567 1766 τίατριάρχην,
1580 1691 1647 1764 πρός
1664 1687 1696 1744 όν
1713 1695 1758 1744 καί
1777 1689 1811 1744 τά
1828 1683 1907 1774 ὅμοια

1099 1765 1113 1816 2
1148 1759 1251 1814 τούτοις
1280 1757 1460 1834 γεγράφαμεν.
1512 1759 1580 1814 Oine
1614 1759 1665 1834 γάρ
1697 1755 1851 1828 ἀνεχόμεθα
1880 1775 1907 1808 τι

1098 1831 1157 1882 τών
1178 1831 1214 1882 είς
1235 1825 1455 1894 έκκλησιαστικην
1478 1825 1609 1900 ὁρώντων
1626 1825 1794 1880 κατάστασιν
1810 1825 1847 1894 μὴ
1863 1827 1907 1876 καὶ

1098 1899 1133 1972 τῇ
1151 1893 1232 1948 αύτοῦ
1255 1893 1441 1968 ἀναφέρεσθαι
1457 1895 1644 1970 μακαριότητι,
1670 1891 1705 1948 ahs
1722 1891 1824 1966 κεφαλῇ
1842 1889 1907 1962 οῦση

1098 1963 1212 2020 πάντων
1221 1965 1279 2018 τῶν
1289 1957 1466 2048 άγιοιτυίτιον3
1484 1967 1532 2018 τοῦ
1542 1965 1609 2018 θεοῦ
1627 1963 1729 2038 ἱερέων,
1748 1967 1792 2014 καί
1807 1957 1908 2028 ἐπειδή,

1098 2029 1188 2086 ὁσάκις
1211 2035 1240 2086 ἐν
1262 2049 1365 2086 τουτοις
1386 2037 1441 2086 τοῖς
1463 2039 1573 2106 μέρεσιν
1596 2031 1723 2104 αῖρετικοὶ
1745 2027 1906 2102 άνεφύησαν,

1097 2103 1131 2174 τῇ
1174 2101 1251 2174 κώμη
1277 2105 1321 2152 καί
1348 2097 1422 2172 όρθῆ
1449 2107 1534 2172 κρίσει
1562 2103 1662 2154 ἐκείνου
1688 2101 1737 2152 τοῦ
1761 2103 1907 2166 σεβασμίου

1099 2175 1113 2224 3
1148 2119 1252 2240 θρόνου
1281 2187 1349 2236 naun
1367 2155 1503 2240 γὴθησαν.
1542 2165 1587 2222 Ἐκ
1611 2167 1661 2242 γάρ
1684 2169 1743 2220 ταῖν
1760 2167 1907 2238 ααρουσοῖυ

1097 2237 1188 2304 θείων
1214 2233 1290 2306 havis
1315 2189 1460 2306 συλλαβών
1487 2235 1648 2308 μαθήσεταιη
1669 2231 1685 2302 ἡ
1711 2235 1744 2302 ev
1771 2231 1906 2308 άγιωσύνη

1097 2305 1131 2358 τά
1149 2303 1217 2378 παρ)
1238 2299 1314 2374 ἡμων
1331 2307 1540 2378 προτεθειμένα,
1559 2299 1605 2376 ἐφ’
1625 2303 1647 2372 ah
1667 2301 1728 2356 τοῦς
1745 2305 1905 2386 ἐπγχειροῦν-

1097 2391 1145 2426 τας
1166 2377 1290 2446 πονηραῖς
1312 2379 1384 2426 νοεῖν
1407 2371 1424 2440 ἢ
1447 2371 1603 2448 ἑρμηνεύειν
1623 2371 1658 2424 τά
1680 2367 1747 2444 παρ’
1772 2371 1848 2440 ημιῦν
1865 2391 1907 2440 ορ-

1097 2443 1157 2494 θτῦς
1175 2445 1204 2494 ἐν
1221 2443 1262 2508 ‘sci
1280 2439 1380 2510 ἠδίκτα)
1391 2439 1524 2508 λεχθέντα
1543 2445 1571 2494 ἐκ
1589 2443 1647 2494 ταῦτ’
1662 2441 1809 2512 παρουσῶν
1818 2439 1908 2490 θείων

1097 2519 1112 2564 i
1148 2503 1223 2580 ἡμῶν
1241 2509 1398 2582 ἐλέγχεσθαι
1417 2509 1567 2578 συλλαβών.
1597 2503 1695 2580 Ὀλίγοι
1712 2509 1783 2560 τινὲς
1797 2503 1906 2560 άπιστοι

1097 2583 1142 2630 καί
1172 2575 1306 2650 ἀλλότριοι
1336 2581 1381 2644 τῆς
1412 2573 1488 2650 ἁγίας
1519 2581 1566 2632 τοῦ
1592 2577 1661 2630 θεοῦ
1693 2575 1839 2644 καθολικῆς
1863 2579 1907 2626 καί

1097 2643 1271 2714 άπαστολικῆς
1288 2645 1425 2712 ἐκκλησίας
1443 2643 1581 2700 ἀντειπεῖν
1589 2641 1739 2698 Ἰουδαϊκοῖς
1750 2641 1907 2716 ἐθάρρησαν

1096 2713 1163 2786 πρὸς
1181 2713 1217 2768 ’τά
1241 2713 1314 2788 παρὰ
1337 2713 1452 2770 πάντων
1474 2717 1533 2768 τών
1557 2713 1651 2786 ἱερέων
1673 2707 1767 2784 όρθιῦς
1795 2709 1905 2782 κρατού·

1095 2803 1163 2850 μενα
1189 2787 1233 2836 καί
1260 2779 1425 2852 δοξαζόμενα
1451 2787 1497 2836 καὶ
1523 2779 1714 2854 κηρυττόμενος,
1748 2775 1906 2852 ἀρνούμενοι

1095 2851 1145 2902 τόν
1165 2849 1257 2924 κύριον
1279 2847 1356 2920 ἡμῶν
1371 2847 1473 2920 Ἰησοῦν
1491 2847 1614 2922 Χριστὸν
1634 2847 1684 2902 τόν
1700 2849 1832 2920 μονογενῆ
1847 2845 1906 2900 υἱόν

1096 2919 1143 2972 τοῦ
1160 2919 1227 2972 θεοῦ
1250 2925 1295 2972 καί
1312 2917 1381 2972 θεὸν
1399 2915 1484 2988 ἡμῶν,
1507 2917 1557 2972 τόν
1574 2917 1757 2990 σαρκωθέντα
1781 2917 1810 2968 ἐκ
1827 2913 1906 2970 πνεύ·

1094 3005 1178 3056 ματος
1200 2983 1275 3060 άγίου
1296 2995 1341 3040 καί
1364 2989 1410 3054 τῆς
1433 2983 1508 3058 ἁγίας
1530 2983 1638 3048 ἐνδόξου
1658 2979 1843 3058 άειαταρθένου
1861 2987 1905 3036 καί

1094 3053 1225 3108 θεοτόκου
1244 3061 1350 3128 Μαρίας
1372 3061 1418 3106 καί
1442 3053 1698 3128 έναυθρωπησαντα
1723 3057 1768 3106 καί
1787 3069 1904 3124 σταυρω·

1100 3229 1167 3280 extat
1183 3229 1207 3280 iu
1226 3229 1325 3278 Nomos.
1347 3229 1427 3280 Const.
1439 3227 1466 3278 B
1537 3231 1569 3292 ii)
1586 3229 1622 3278 sie
1636 3227 1777 3288 NomouB,
1794 3217 1905 3274 ὁσιωτά-

1133 3493 1244 3556 7Idem
1261 3495 1293 3550 Α.
1320 3493 1479 3568 Epiphanio
1502 3495 1671 3550 sanctissimo
1703 3499 1729 3550 et
1754 3493 1905 3550 beatissimo

1097 3561 1264 3636 archiepisco
1286 3563 1395 3618 ahuias
1409 3565 1503 3636 repiae
1517 3563 1593 3618 urhis
1606 3569 1632 3618 et
1641 3565 1810 3618 oecumenico
1814 3565 1901 3642 patri·

1097 3629 1203 3686 archae,
1272 3631 1368 3686 dacem
1391 3633 1511 3688 veientes
1532 3631 1703 3688 sancitatem
1724 3637 1797 3688 tuam
1815 3647 1905 3686 omaro

1097 3715 1167 3768 quae
1190 3697 1227 3754 ad
1249 3699 1422 3754 ecelesiarum
1444 3707 1545 3754 statum
1562 3699 1704 3772 pertinent
1724 3699 1904 3754 necessarium

1098 3767 1225 3822 demimus
1247 3767 1319 3822 hisce
1340 3767 1377 3822 ad
1399 3785 1457 3824 eam
1475 3769 1563 3822 sacris
1580 3769 1677 3822 titteris
1693 3769 1734 3822 uti
1750 3773 1777 3822 et
1787 3783 1842 3840 per
1859 3783 1905 3822 eas

1098 3853 1167 3906 quae
1203 3835 1344 3908 evitantur
1374 3837 1550 3910 manifestum
1571 3835 1605 3890 'ei
1632 3835 1743 3908 farere:
1779 3851 1848 3906 quae
1880 3843 1905 3890 et

1100 3909 1111 3956 t
1145 3903 1235 4024 {psam
1256 3903 1326 3958 seire
1346 3905 1476 3976 persuasi
1500 3921 1599 3958 snmus.
1645 3901 1709 3958 Cum
1730 3903 1816 3976 ipitur
1838 3919 1904 3958 non·

1097 3971 1146 4024 avt
1156 3989 1187 4026 vs
1208 3973 1386 4026 invenerimus
1403 3973 1506 4028 atienos
1523 3989 1541 4026 a
1557 3977 1653 4026 sancta
1671 3969 1805 4026 catholiea
1823 3977 1905 4042 atque

1097 4039 1248 4110 apostolica
1266 4039 1378 4094 eeclesia
1395 4039 1539 4114 impiorum
1557 4039 1677 4094 Nestorii
1700 4045 1728 4094 et
1747 4033 1905 4110 Eutychetis

1096 4123 1217 4162 errorem
1233 4115 1340 4164 secutos
1357 4123 1503 4180 eorumque
1520 4105 1692 4180 blasphemiis
1708 4123 1781 4172 usos,
1797 4123 1903 4162 sacrum

1097 4175 1211 4230 edietum
1228 4177 1439 4246 proposuimus,
1463 4177 1539 4256 quod
1559 4183 1587 4230 et
1610 4181 1656 4230 tua
1673 4175 1805 4230 sorcetitas
1821 4175 1903 4240 αοοίί,

1097 4259 1151 4314 qua
1170 4241 1366 4298 haereticorum
1382 4243 1518 4300 insaniam
1530 4243 1716 4314 refutavimus,
1733 4243 1840 4298 minime
1856 4243 1903 4296 im·

1097 4315 1198 4364 mutato
1208 4309 1251 4366 vet
1257 4309 1423 4366 immutando
1430 4309 1713 4384 veiprcetermittendo
1724 4309 1903 4366 ecclesiastica

1097 4377 1144 4500 ραί
1163 4377 1258 4456 Ιαιίίιαο
1283 4377 1332 4434 deo
1358 4381 1469 4434 iuvante
1486 4381 1588 4434 obtinet
1607 4383 1695 4444 statu,
1721 4377 1796 4450 quad
1813 4383 1839 4432 et
1856 4383 1903 4432 tua

1115 4445 1233 4500 eatctuda
1251 4447 1309 4512 scit,
1331 4447 1381 4502 sed
1395 4465 1451 4570 για
1469 4447 1558 4504 σακία
1576 4447 1755 4502 custodientes
1775 4447 1903 4502 unitatem

1096 4521 1332 4570 sacrosanctarum
1349 4531 1395 4570 ecc
1406 4515 1522 4570 ederam
1548 4531 1608 4570 cum
1627 4513 1797 4570 sanctissimo
1817 4519 1902 4570 vetus-

1098 4581 1176 4636 tioris
1188 4579 1295 4654 Romae
1306 4601 1386 4654 papa
1411 4591 1439 4640 et
1481 4581 1635 4648 atrioreha,
1661 4583 1698 4636 ad
1715 4599 1791 4654 quem
1809 4581 1851 4636 his
1867 4579 1902 4636 si·

1098 4653 1113 4702 2
1147 4649 1222 4702 mitia
1238 4651 1293 4704 seri
1311 4651 1401 4708 simm.
1430 4601 1524 4722 hique
1541 4651 1609 4706 enim
1621 4651 1746 4722 patimur
1760 4651 1902 4722 quicquam

1098 4717 1173 4788 quoa
1193 4717 1231 4772 ad
1247 4669 1453 4774 eeciisiasticam
1476 4723 1576 4774 statum
1589 4717 1710 4792 pertinet
1731 4735 1786 4772 nan
1802 4717 1903 4790 referri

1097 4785 1135 4840 ad
1151 4783 1415 4852 eiusheatitudinem‚
1433 4805 1493 4842 cum
1506 4787 1544 4840 sit
1552 4793 1634 4858 caput
1643 4785 1758 4840 omnium
1766 4787 1902 4840 sanctissi-

1097 4867 1200 4906 morum
1209 4853 1253 4908 dei
1261 4855 1431 4910 sacerdotum
1441 4861 1468 4910 et
1481 4855 1554 4926 qnia,
1570 4855 1806 4924 quotienscumque
1817 4853 1847 4908 in
1862 4853 1902 4908 his

1092 4919 1221 4992 partibus
1241 4921 1369 4978 haeretici
1391 4923 1548 4986 extiterunt,
1571 4921 1703 4976 sententia
1719 4927 1792 4976 reeta
1813 4939 1846 4978 ue
1863 4921 1902 4978 iu-

1098 4993 1113 5044 3
1147 4987 1218 5044 dicio
1228 4989 1301 5044 ίίίίαε
1310 4991 1477 5046 venerandae
1485 4989 1557 5044 sedis
1569 4989 1679 5044 υοαοίίί
1686 4995 1756 5044 snat.
1783 4989 1903 5062 ¹deaque

1097 5073 1134 5112 ea
1145 5057 1336 5128 praesentibus
1348 5059 1435 5114 sacris
1447 5059 1545 5114 titteris
1553 5057 1641 5112 sancti
1643 5061 1683 5112 tas
1692 5061 1779 5114 uestra
1790 5061 1901 5128 capnos-

1097 5131 1140 5180 aet
1161 5141 1231 5194 quae
1252 5143 1269 5180 a
1292 5125 1370 5180 nohis
1388 5125 1538 5198 proposita
1554 5131 1626 5190 sunt,
1650 5131 1680 5180 ut
1697 5125 1744 5194 qui
1755 5143 1845 5198 prave
1861 5125 1900 5178 in-

1098 5191 1221 5262 tehepere
1239 5193 1281 5248 vei
1295 5193 1473 5266 interpretari
1490 5191 1683 5266 temptaverint,
1704 5209 1773 5264 qvae
1790 5209 1807 5248 a
1826 5191 1900 5248 nohis

1097 5263 1169 5314 recte
1184 5259 1213 5314 in
1230 5259 1316 5318 edicto
1328 5263 1512 5332 pronuntiata
1529 5267 1600 5326 sunt,
1615 5259 1804 5332 praesentibus
1815 5261 1902 5314 sacris

1097 5333 1116 5394 4
1147 5325 1243 5382 titteris
1259 5329 1361 5384 nostris
1376 5329 1539 5400 refutentur.
1574 5325 1662 5382 Pauci
1682 5327 1790 5398 auidam
1808 5329 1899 5398 infide·

1098 5395 1137 5450 hes
1153 5401 1181 5450 et
1193 5395 1275 5452 alieni
1292 5403 1417 5452 asnncta
1434 5397 1478 5452 dei
1496 5395 1630 5452 catholica
1649 5399 1731 5466 atque
1751 5395 1901 5468 apostatica

1097 5461 1209 5518 ecelesia
1232 5463 1416 5520 convadicere
1433 5463 1546 5518 Iudaiee
1568 5463 1628 5518 ausi
1649 5469 1714 5518 sunt
1729 5463 1764 5516 iis
1781 5479 1851 5534 quae
1868 5463 1900 5518 ah

1098 5529 1219 5586 omnihus
1235 5531 1419 5588 sacerdotibus
1435 5537 1508 5588 recte
1520 5531 1695 5586 observantur
1711 5535 1738 5584 et
1745 5529 1901 5602 probantur

1097 5603 1124 5654 et
1134 5599 1339 5670 praedicantur,
1358 5599 1520 5676 denepantes
1534 5597 1668 5672 dominum
1681 5605 1802 5664 nostrum
1812 5597 1900 5654 Iesum

1099 5665 1230 5722 Christum
1255 5667 1423 5740 unipenitum
1447 5665 1491 5722 dei
1514 5667 1601 5738 fitium
1625 5673 1654 5722 et
1678 5665 1755 5720 deum
1777 5673 1899 5736 nostrum

1096 5737 1266 5790 incarnatum
1296 5753 1334 5792 ea
1358 5737 1458 5808 spiritu
1486 5741 1580 5792 saneto
1606 5741 1634 5788 et
1657 5739 1748 5788 satiet
1798 5733 1899 5788 torioso

1096 5819 1199 5882 semper
1221 5803 1325 5882 υίυηίαε
1347 5811 1374 5864 et
1389 5803 1440 5862 'dei
1458 5801 1593 5880 penetrioe
1610 5801 1703 5860 Maria
1725 5805 1752 5860 et
1787 5801 1899 5858 ominem
