4258 6258
250 365 278 416 sl
299 355 430 408 REOTOR
451 355 654 412 rnovluemn

249 539 263 588 5
305 523 383 581 liberi
409 521 601 580 custodiantur.
652 525 726 596 Quae
756 527 844 584 omnin
869 525 947 580 simili
974 525 1050 580 modo

251 599 329 656 etiam
361 593 393 646 de
419 591 523 660 sponsis
551 607 632 664 super
662 595 821 664 recipiendis
848 609 897 648 nec
923 607 957 646 ne
983 595 1050 648 ariis

249 661 383 738 praestitis
417 659 543 714 custodiri
575 679 726 718 censemus:
760 661 900 732 quadrupli
927 661 1051 716 videlicet

248 745 346 806 poena,
371 743 440 796 quae
463 729 639 786 anterioribus
660 731 780 798 legibus¹
803 727 912 790 definita
935 733 1000 796 erat,
1023 729 1050 782 in

249 815 300 872 qua
326 801 352 850 et
378 811 497 850 arrarum
524 799 659 878 quantit-as
691 799 884 866 imputabatur,
919 799 1049 864 cessante,

249 867 298 924 nisi
325 863 474 918 seolaliter
500 865 572 920 ahud
599 883 631 922 ex
657 867 789 922 communi
820 879 952 920 consensu
981 865 1050 918 inter

249 879 435 994 contrairentes
462 931 495 986 de
521 935 612 988 eadem
639 933 780 1002 quadrupli
806 933 909 988 ratione
938 931 1048 1000 placuit.

248 1013 262 1060 e
296 1001 382 1054 Extra
409 999 588 1054 clelinitionem
612 1009 700 1054 erstem
726 1001 805 1056 huius
828 1001 891 1068 legis
916 1003 939 1054 si
961 1001 1048 1054 cautio

248 1083 357 1144 poenam
376 1067 554 1134 stipulationis
572 1069 711 1122 continens
729 1067 810 1124 luerit
827 1069 991 1150 interposita,
1016 1085 1049 1122 ex

1052 337 1225 448 roam
1328 445 1329 448 Ν

1772 353 1797 418 V
1823 357 1900 418 λ--3

1101 541 1188 586 sarum
1213 547 1359 590 consensus
1383 535 1500 592 accedat.
1537 537 1569 592 D.
1589 553 1630 592 rr
1644 535 1670 592 ίι.
1691 535 1742 592 lul.
1763 535 1902 592 Tliessalo-

1100 597 1176 654 nicae
1196 599 1327 658 Gratiana
1352 613 1409 660 ret
1429 605 1577 664 Τλοοιίοιιό
1595 607 1649 662 ΑΛ.
1669 619 1755 660 conss.
1789 607 1824 670 [a.
1844 609 1900 670 aaa]

1463 815 1539 876 ΙΙΙ.10

1151 907 1195 956 DE
1214 909 1463 962 DONATIONIBUS
1482 913 1573 964 ANTE
1590 915 1734 966 narnias
1753 915 1850 968 vaist

1188 977 1341 1028 PROPTER
1358 977 1501 1030 narnias
1519 981 1563 1032 ΕΤ
1580 981 1815 1036 sponsantetis.

1135 1071 1147 1128 1
1177 1073 1263 1156 impp.
1290 1075 1404 1130 Seuerus
1427 1081 1454 1130 et
1475 1079 1628 1134 Antorainus
1650 1083 1705 1138 ΛΑ.
1731 1083 1898 1140 Metrodoro.

248 1147 358 1202 utraque
383 1137 460 1204 parto
483 1137 570 1190 nullas
592 1137 660 1192 vires
677 1137 793 1204 habebit,
817 1153 878 1200 „cum
896 1153 924 1192 m
941 1143 1047 1192 contra·
1099 1139 1213 1194 Multum
1231 1147 1349 1208 interest,
1374 1141 1398 1196 si
1415 1157 1453 1210 ea,
1473 1159 1540 1210 quae
1559 1147 1640 1202 donat
1658 1151 1828 1220 dricturae,
1846 1159 1899 1206 tra·

248 1203 339 1260 hendis
357 1203 456 1270 nuptiis
473 1203 557 1256 libera
575 1207 693 1270 potestas
711 1219 770 1258 esse
788 1205 873 1258 debet.
901 1205 933 1260 D.
951 1203 977 1260 lc.
995 1205 1047 1258 lul.
1099 1207 1195 1262 diderit
1213 1213 1289 1264 uxori
1307 1213 1334 1264 et
1350 1215 1444 1278 postea
1461 1211 1488 1264 in
1507 1211 1594 1266 dotem
1613 1219 1761 1286 acceperit,
1787 1237 1820 1276 an
1838 1237 1899 1276 vero

249 1269 483 1340 Constantinopoli
500 1269 642 1326 Menelaeo
662 1287 733 1324 cans.
935 1277 969 1338 [a.
988 1277 1047 1338 iti]
1098 1275 1212 1330 donandi
1230 1279 1317 1334 animo
1336 1277 1422 1332 dotem
1441 1279 1551 1344 auxerit,
1570 1287 1600 1334 ut
1613 1285 1734 1340 videatur
1757 1291 1899 1358 accepisse,

280 1333 377 1398 6²‘H
396 1333 516 1400 διάταξις
536 1337 662 1408 βούλεται
684 1337 733 1392 τὸν
756 1341 940 1412 προξενοῦντιι
956 1337 1048 1428 Ι,τίμια
1098 1345 1169 1412 quod
1193 1361 1245 1398 non
1270 1345 1381 1414 accepit.
1423 1345 1512 1414 priore
1536 1347 1605 1402 enirn
1628 1367 1692 1404 casu
1715 1355 1821 1412 donatio
1847 1373 1899 1410 nou

312 1403 428 1476 μάλιστα
445 1407 496 1474 pin
512 1403 595 1474 μηδὲν
609 1405 764 1474 λαμβάνειν.
788 1411 811 1462 εί
829 1405 858 1462 δὲ
876 1405 943 1462 ὅλαι
960 1415 1047 1476 anspe-
1097 1411 1250 1480 impeditur,
1279 1421 1304 1468 et
1331 1429 1386 1480 res,
1414 1429 1482 1480 quae
1506 1413 1534 1468 iu
1561 1429 1591 1468 ea
1617 1433 1699 1474 eausa
1725 1429 1801 1492 sunt,
1830 1425 1899 1480 dotis

312 1471 470 1542 ταιίιιβεῖν,
488 1473 512 1524 εἰ
538 1477 567 1528 ἐν
579 1471 663 1542 μηδὲν
679 1491 740 1528 τινε
764 1475 852 1544 danae
866 1483 927 1552 περὶ
943 1477 1045 1540 τούτου,
1097 1479 1206 1534 effectae
1231 1479 1329 1536 iudicio
1356 1481 1388 1534 de
1415 1483 1476 1534 dote
1505 1483 1559 1552 peti
1590 1493 1717 1552 possunt:
1750 1493 1899 1560 posteriore

310 1537 395 1612 μηδὲν
416 1537 484 1594 ὅλοι
524 1537 667 1610 anparere·
695 1543 718 1594 εἰ
740 1495 770 1598 δι’
796 1547 981 1618 acceptaeque,
1010 1547 1047 1616 μὴ
1096 1551 1185 1600 aretem
1203 1547 1268 1600 nihil
1286 1555 1374 1602 actum
1393 1555 1433 1602 est
1450 1549 1591 1604 donatione
1613 1557 1653 1620 et,
1678 1557 1747 1622 quod
1765 1559 1792 1612 in
1811 1561 1898 1616 dotem

311 1609 378 1682 ὑπὲρ
400 1607 451 1676 τὴν
473 1609 594 1678 εἰκοστὴν
615 1615 714 1684 μοῖραν
737 1617 783 1682 τῆς
806 1613 912 1686 aporuit
935 1621 979 1668 nni
1001 1615 1047 1680 τῆς
1096 1615 1186 1668 datum
1205 1631 1257 1668 non
1276 1621 1323 1682 est,
1342 1633 1396 1672 non
1412 1621 1502 1684 potest
1519 1619 1611 1686 repeti.

311 1681 489 1750 mpoyapealus
506 1675 606 1748 timpanis
623 1681 767 1746 ἐπιζητεῖν,
792 1681 839 1736 ἐὰν
857 1679 873 1748 ἡ
890 1681 969 1756 προῖξ
986 1681 1045 1756 ἄχρι
1130 1679 1148 1736 2
1172 1681 1240 1752 Inep.
1265 1683 1422 1738 Alexander·
1445 1685 1475 1738 Α.
1499 1687 1599 1740 Atinio.
1643 1687 1669 1740 si
1695 1693 1809 1756 praesidi
1835 1713 1896 1764 pro·

310 1745 456 1800 διακοσίων
474 1743 573 1820 λιτρῶν
598 1749 655 1798 ἐστι
678 1753 800 1818 χρυσίου·
834 1747 948 1804 ἔλαττον
971 1747 1000 1804 δὲ
1023 1751 1046 1802 ei
1095 1749 1196 1804 vinciae
1222 1751 1389 1816 probaveris,
1422 1759 1452 1804 ut
1478 1753 1601 1808 Eucliatn
1635 1771 1742 1810 uxorem
1778 1759 1896 1832 ducenae,

310 1811 435 1882 βούλεται
462 1811 567 1882 λαβεῖν,
594 1817 731 1888 ἐπιτρέπει
758 1813 841 1886 αὐτῷ.
886 1819 919 1870 Εἰ
946 1815 975 1870 δὲ
1001 1821 1045 1870 καί
1095 1831 1204 1870 munera
1229 1819 1255 1870 ta
1280 1821 1435 1888 parentibus
1454 1821 1509 1876 eius
1528 1821 1641 1888 dedisse,
1666 1825 1717 1876 nisi
1735 1825 1782 1882 tibi
1800 1829 1898 1884 iiuada

244 1885 245 1888 ’
310 1877 478 1948 δοηοδῆποτε
496 1879 644 1950 ποσότητόε
661 1885 735 1936 ἐστιν
753 1879 769 1952 ἦ
788 1885 873 1958 προῖξ,
895 1891 1044 1958 περαιτέρω
1095 1885 1222 2010 nupserit,
1241 1885 1347 1942 restitui
1364 1887 1413 1942 tibi
1433 1889 1503 1956 quod
1521 1889 1615 1944 dedisti
1633 1891 1743 1946 iubebit.
1812 1921 1813 1924 ¹
1844 1901 1845 1904 ’

311 1951 367 2002 τῶν
386 1945 450 2002 dina
467 1945 567 2022 λιτρῶν
583 1951 630 2002 τοῦ
651 1957 760 2024 χρυσίου
784 1951 831 2006 οὐκ
850 1957 986 2026 ἐπιτρέπει
1005 1953 1044 2020 τῷ
1168 1951 1241 2008 Ideni
1253 1955 1283 2008 Α.
1293 1953 1448 2010 Marcellae.
1475 1957 1668 2014 Pollicitatione
1683 1975 1699 2014 a
1714 1959 1797 2020 fratre
1811 1981 1895 2032 quon·

310 2017 459 2090 προξενητῇ
487 2017 645 2086 λαμβάνειν,
677 2015 739 2072 οὐδὲ
767 2021 790 2074 εί
815 2017 903 2074 τελεία
929 2023 1004 2074 ἐστὶν
1030 2015 1045 2104 ἡ
1095 2021 1155 2074 dam
1172 2025 1218 2074 tuo
1238 2037 1250 2074 s
1272 2023 1401 2076 casalium
1420 2039 1500 2080 causa
1517 2027 1596 2092 faeta,
1621 2029 1677 2080 οιη
1700 2029 1722 2082 si
1739 2029 1767 2086 in
1784 2031 1896 2100 stipula-

261 2097 265 2110 ·
311 2085 390 2158 προῖξ
407 2083 423 2152 ἢ
441 2085 456 2152 ἡ
473 2083 525 2158 πρὸ
542 2085 627 2158 γάμοι
644 2083 740 2158 δωρεαί.
772 2089 805 2140 Εἰ
823 2085 852 2140 δὲ
869 2087 943 2174 παρὰ
960 2089 1044 2140 ταῦτα
1094 2091 1193 2144 tionem
1211 2039 1324 2146 deciircta
1340 2093 1398 2146 ideo
1416 2095 1578 2160 praestanda
1595 2113 1649 2150 nou
1666 2095 1755 2162 luerit,
1773 2099 1896 2168 quoniam

308 2171 348 2206 τιε
373 2171 404 2206 τυ
425 2151 555 2224 φωνήσει,
580 2151 617 2222 μὴ
640 2151 831 2222 ἀπαιτεῖσθαι,
858 2153 925 2210 ἄλλα
946 2161 990 2210 nal
1012 2155 1044 2210 τὸ
1094 2159 1120 2210 in
1139 2157 1200 2212 clete
1217 2173 1285 2212 uxor
1302 2161 1425 2214 maritum
1443 2161 1544 2228 fefellit,
1571 2163 1752 2232 exceptionem
1770 2167 1896 2224 adversus

309 2175 484 2290 καταβλλρδέν
510 2217 701 2286 incardinare,
728 2223 780 2276 εἴτε
802 2221 924 2296 χρήματα
947 2221 1044 2294 ἐλαβεν
1094 2225 1225 2280 actionem
1243 2239 1275 2280 ert
1292 2227 1326 2282 sti
1347 2229 1422 2282 ulatu
1439 2233 1511 2284 recle
1529 2231 1637 2286 obicies.

309 2289 362 2342 εἴτε
380 2287 525 2362 πράγιατα
542 2285 558 2356 ἢ
574 2287 693 2356 ἀνεδόθη
713 2287 787 2358 αὐτῷ
808 2289 934 2364 ὁμολογία
956 2297 1045 2366 xpiane
1128 2291 1234 2366 λίνων.
1255 2245 1410 2350 Gentianus
1433 2297 1463 2350 Α,
1483 2297 1584 2352 Marco.
1628 2299 1703 2368 Quod
1727 2317 1842 2368 sponsae
1865 2319 1896 2358 ea
1957 2321 1958 2326 ’

309 2353 409 2424 ἢδλωο
427 2311 510 2424 ε’λαβέ
524 2377 551 2410 τι
568 2355 676 2422 κινητὸν
695 2353 711 2426 ἢ
728 2353 855 2424 ἀκίνητον
873 2359 888 2428 ἢ
907 2359 1044 2428 ciconinu-
1093 2361 1150 2428 lege
1176 2361 1303 2428 donatur,
1331 2365 1361 2418 ut
1386 2369 1449 2420 tunc
1474 2365 1616 2422 dominium
1639 2367 1694 2424 eins
1722 2369 1893 2442 adipiscatur,

308 2443 370 2488 τον,
397 2427 562 2494 κινουμένων
585 2427 643 2478 τῶν
669 2419 785 2500 ἀγωγῶν
810 2423 841 2480 οὐ
866 2425 951 2498 μόνον
977 2425 1045 2482 κατὰ
1094 2447 1154 2482 crim
1172 2431 1280 2498 nuptiae
1296 2431 1398 2488 luerint
1415 2439 1535 2500 sectatae,
1560 2435 1616 2490 siae
1639 2437 1734 2490 effectu
1753 2445 1801 2494 ast.
1837 2439 1895 2494 PP.

245 2557 248 2562 Δ
308 2495 354 2546 ταῦ
373 2491 515 2562 λαβόντος,
539 2487 834 2548 dilancinantium
852 2493 933 2550 αὐτοῦ
952 2495 1043 2566 αληρα-
1098 2513 1155 2552 νιιι
1169 2497 1194 2552 lc.
1214 2497 1277 2554 Dec.
1298 2497 1436 2556 Garutiano
1454 2503 1484 2556 Α.
1504 2507 1531 2556 et
1547 2503 1644 2574 Aviola
1661 2521 1746 2560 conss.
1783 2511 1817 2572 [a.
1835 2513 1893 2572 239]

307 2559 408 2630 νόμον,
427 2565 471 2612 καὶ
489 2557 519 2614 od
536 2557 621 2630 μόνον
638 2559 774 2634 παραιτοῦ
793 2561 952 2630 δεδωκότος,
976 2561 1043 2618 alia
1127 2563 1144 2622 5
1172 2565 1235 2620 13Ιιιι
1250 2587 1281 2640 p.
1308 2567 1468 2624 Valerianus
1491 2575 1518 2624 ei
1541 2569 1679 2626 Gallienus
1700 2573 1782 2628 aab
1811 2575 1894 2630 Τίιιο-

307 2635 351 2680 ιιαι
377 2627 451 2700 παρὰ
476 2629 534 2680 τῶν
561 2623 641 2682 αὐτοῦ
672 2627 859 2702 κληρονόμων·
894 2627 1043 2706 ῶρισμένου
1093 2633 1183 2688 clarae.
1246 2649 1269 2700 a,
1289 2651 1356 2704 quae
1373 2637 1422 2692 tihi
1439 2643 1469 2692 ut
1487 2653 1599 2706 sponsae
1616 2641 1737 2694 daturum
1755 2659 1784 2698 se
1802 2659 1893 2712 repro-

308 2695 372 2748 deiru
393 2701 501 2770 χρυσίου
524 2695 624 2768 λιτρῶν
642 2701 777 2768 ἐπιτιμίου
794 2705 848 2754 τοῖς
866 2699 939 2776 παρὰ
958 2703 1042 2756 ταῦτα
1094 2701 1164 2756 misit
1184 2701 1218 2768 ie,
1243 2707 1287 2772 qni
1314 2707 1341 2758 ta
1364 2705 1426 2760 ficto
1446 2707 1589 2772 caelibatu,
1609 2725 1668 2762 eunt
1685 2709 1764 2764 aliam
1782 2719 1894 2764 matrem

307 2761 436 2838 πράττειν
455 2767 639 2838 ἐπιχειροῦσιν.
1092 2769 1206 2824 familias
1230 2771 1330 2826 domi15
1353 2773 1513 2842 reliquisset,
1544 2777 1694 2830 sollicitavit
1719 2779 1753 2830 ad
1777 2779 1892 2848 nuptias,
1919 2789 1921 2792 '

1091 2839 1182 2904 petere
1200 2853 1258 2890 cum
1274 2839 1369 2894 effectu
1384 2857 1437 2896 non
1449 2845 1574 2910 potestffl,
1591 2859 1650 2896 cum
1665 2847 1695 2896 tu
1706 2859 1804 2910 sponsa
1815 2859 1904 2900 uxore·

1092 2905 1163 2958 dorni
1178 2905 1266 2974 posita
1283 2923 1337 2962 non
1355 2907 1438 2962 fuisti.
1472 2911 1591 2980 Accepta
1608 2923 1652 2964 aa
1665 2911 1700 2966 ιἰί.
1719 2911 1785 2968 Mai.
1799 2919 1892 2968 Αιιιιο·

1092 2971 1168 3026 aliiae
1187 2971 1272 3028 Τιιιοο
1289 2979 1317 3028 et
1333 2973 1422 3030 Bassa
1442 2991 1527 3028 conss.
1780 2985 1814 3046 [a.
1835 2985 1892 3046 258]

619 3041 648 3100 Π
1127 3037 1231 3160 lilmp.
1250 3043 1415 3096 Aurelianae
1437 3043 1467 3096 Α.
1486 3043 1618 3100 Donatus.
1660 3045 1726 3100 Cum
1742 3045 1770 3102 iu
1786 3051 1813 3102 te
1831 3049 1892 3104 sim·

240 3139 268 3186 ν
291 3137 1041 3262 rrapppppqqqqpqpqpqppqrrae-1·
1090 3107 1893 3250 riacriminaminitract,lanceatur

216 3331 217 3334 ¹
275 3303 428 3392 iiIml'iil’·
449 3303 597 3386 Gratianus
612 3307 818 3364 Valentinianus
835 3315 861 3364 et
877 3309 1042 3364 Theodosius
1091 3249 1140 3296 mo
1165 3243 1291 3298 donatum
1313 3249 1360 3304 ω’
1387 3261 1425 3300 ⁵¹⁰
1448 3247 1659 3316 dlsmlguendum
1682 3253 1734 3314 est,
1760 3257 1802 3318 ut,
1826 3267 1848 3306 ⁸1
1865 3271 1892 3306 ur

1091 3317 1137 3364 trra
1154 3313 1232 3364 domo
1252 3311 1349 3368 donum
1367 3319 1505 3382 acceptum
1523 3319 1575 3382 est,
1600 3321 1662 3370 ante
1674 3319 1786 3386 ‘nuptias
1804 3319 1892 3374 videa-

240 3373 316 3428 ΑΑΑ.
342 3373 477 3446 eutropio
497 3391 548 3448 pp.
592 3375 619 3430 Si
644 3377 702 3444 quis
725 3377 753 3430 in
776 3381 910 3448 potestate
932 3379 1041 3448 publiea
1091 3381 1135 3432 tur
1152 3377 1225 3432 facta
1244 3395 1302 3436 esse
1319 3381 1436 3448 donatio,
1455 3383 1525 3452 quod
1543 3385 1565 3438 si
1582 3401 1663 3452 penes
1681 3401 1710 3440 se
1726 3385 1798 3442 dedit
1811 3403 1892 3458 spon-

238 3439 339 3508 positus
365 3445 444 3508 atque
466 3443 567 3498 honore
596 3445 865 3500 administrandarum
891 3447 1039 3516 provincia·

1090 3463 1143 3506 sus.
1160 3449 1260 3502 retrahi
1277 3451 1375 3520 possit:
1394 3467 1462 3504 uxor
1479 3451 1547 3504 enim
1564 3451 1645 3506 luisti.

238 3523 309 3574 rum,
333 3509 378 3576 qui
399 3511 556 3578 parentibus
580 3517 628 3566 aut
650 3513 783 3568 tutoribus
806 3517 854 3568 aut
872 3515 1038 3568 curatoribus
1124 3511 1269 3588 llmpprp.
1298 3517 1384 3572 Carus
1410 3517 1525 3574 Carinus
1550 3525 1578 3574 et
1603 3521 1785 3578 Marmenianus
1809 3525 1889 3580 ΑΑΑ.

238 3581 284 3630 aut
301 3577 366 3648 ipsis
384 3593 451 3646 quae
468 3579 662 3634 matrimonium
677 3583 864 3636 contracturae
881 3583 962 3638 sunit
979 3587 1038 3652 pot·
1163 3583 1168 3594 “

1089 3581 1244 3638 Iunnanae.
1281 3583 1317 3650 Si,
1342 3601 1401 3640 eum
1423 3589 1485 3640 ante
1502 3587 1608 3656 nuptias
1626 3605 1737 3644 munera
1755 3589 1890 3658 darentur,

238 3649 353 3700 estesse
371 3645 504 3716 terribilis,
522 3661 598 3702 arras
617 3649 812 3716 sponcalioias⁵
830 3649 939 3718 dederit,
962 3649 1038 3706 iube-

1088 3651 1125 3704 ita
1144 3653 1301 3706 conventum
1319 3659 1360 3706 est
1375 3659 1454 3722 atque
1469 3655 1619 3710 huiusmodi
1635 3655 1788 3726 conscripta
1802 3661 1890 3728 pactio

238 3727 306 3776 mars,
330 3717 360 3766 nt
378 3713 517 3782 deinceps,
541 3715 595 3772 sive
613 3721 737 3784 parentes
755 3717 810 3772 sire
827 3719 933 3772 eaedem
952 3721 1038 3772 muta·
1089 3725 1141 3784 est,
1164 3721 1207 3784 ut,
1232 3719 1254 3772 si
1280 3735 1332 3786 qua
1356 3721 1440 3776 ίοιέΠ
1465 3723 1596 3778 extitisset
1619 3731 1712 3780 eontra
1729 3727 1890 3782 voluntatem

239 3781 320 3834 verint
336 3781 506 3850 voluntatem,
524 3799 577 3838 non
596 3783 673 3838 modo
691 3783 756 3838 iaris
775 3787 875 3852 laqueis
893 3787 1039 3840 liberentur

237 3861 389 3966 poenaeque
412 3855 529 3914 statutae
550 3857 672 3920 expertes
695 3853 772 3916 siuti,
798 3853 849 3908 ,sed
872 3853 1037 3916 extrinsecus

253 3919 298 3970 ata
324 3917 437 3986 pignora
458 3919 588 3972 lucrativa
611 3919 740 3986 babeant,
768 3921 790 3974 si
813 3937 845 3974 ea
867 3937 921 3976 non
944 3925 1038 3988 putent

239 3987 249 4034 l
291 3999 349 4040 esse
373 3983 513 4040 reddenda.
555 3985 630 4054 Quod
653 3985 692 4040 ita
719 3989 772 4042 late
794 3995 886 4058 patere
908 3989 1037 4054 volumus,

236 4053 266 4104 ut
282 4069 336 4108 uon
354 4055 438 4108 solum
458 4053 528 4108 eirea
546 4055 767 4124 administrantes,
793 4057 838 4112 sed
857 4061 883 4112 et
902 4057 972 4112 circa
991 4057 1037 4110 ad-

235 4119 439 4174 ministrantium
457 4121 525 4178 filios
544 4129 653 4192 nepotes
671 4125 721 4176 ac⁷
738 4125 930 4194 propriaquos,
954 4123 1037 4192 parti·

236 4187 306 4254 cipes
338 4189 376 4252 tid
407 4195 447 4244 est
479 4191 675 4256 consiliarios)s
707 4191 915 4260 domesticosque
948 4195 1036 4246 locum

236 4253 354 4324 habenti,
374 4257 469 4324 quibus
483 4265 572 4312 tamen
587 4259 786 4316 administrator
800 4277 909 4340 operam
924 4261 1035 4314 dederit.

236 4325 249 4372 2
283 4323 390 4392 Impleri
412 4329 499 4380 autem
522 4325 549 4380 id
566 4333 661 4396 pastea
678 4331 873 4384 matrimonium
892 4345 945 4384 non
962 4333 1035 4384 veta·

177 4411 179 4426 ·
235 4403 305 4456 mus,
327 4393 398 4462 quod
422 4399 540 4462 ternpore
563 4395 703 4464 potestatis
728 4397 762 4452 ob
781 4413 825 4452 eas
844 4413 979 4466 personas,
1004 4395 1035 4450 de

235 4459 327 4522 quibus
345 4461 428 4516 locuti
441 4477 540 4530 sumite,
558 4463 626 4518 artis
642 4463 731 4516 luerat
746 4465 897 4534 obligatum,
916 4465 939 4520 si
954 4481 1033 4534 spon·

234 4631 263 4694 (r)
281 4635 312 4696 cf.
326 4637 349 4696 5,
365 4645 385 4696 a,
402 4645 411 4686 1
433 4625 490 4698 [ιιι.
508 4633 530 4696 sl
551 4637 635 4700 a,s,1
656 4637 689 4700 [p.
705 4645 747 4688 roo
764 4637 920 4702 neaniai.
935 4639 957 4702 3,
975 4651 995 4700 s,
1011 4647 1031 4688 u

234 4697 264 4760 (a)
282 4723 315 4744 π
333 4701 360 4750 Β
379 4705 419 4766 aa,
438 4713 468 4764 rs,
488 4713 499 4752 ι
570 4705 602 4766 (a)
619 4727 653 4746 π
673 4703 716 4754 Ta.
735 4707 759 4768 3,
779 4715 798 4770 ι,
818 4717 827 4756 ι
853 4705 879 4756 Β
898 4705 936 4768 28,
956 4717 973 4768 ι,
993 4715 1031 4756 aa:

1090 3787 1145 3840 eius
1173 3793 1200 3838 ct
1224 3789 1419 3844 matrimonium
1442 3789 1621 3858 distraxisset,
1649 3795 1713 3848 tunc
1738 3809 1804 3860 quae
1829 3795 1891 3850 data

1088 3859 1164 3908 erant
1185 3853 1256 3922 apud
1280 3871 1338 3910 eum
1363 3859 1407 3926 qui
1427 3859 1542 3912 dedisset
1559 3859 1715 3916 heredemre
1733 3863 1788 3916 eius
1806 3879 1890 3916 rema-

1088 3925 1188 3986 nerent,
1207 3925 1303 3988 potest,
1322 3925 1367 3992 qui
1380 3925 1436 3980 eius
1450 3925 1623 3982 hereditatem
1632 3927 1743 3996 accepit,
1757 3931 1800 3982 cui
1808 3937 1890 4000 pacta

1088 3991 1175 4070 pirella
1199 4005 1310 4044 munera
1333 4007 1364 4046 su
1384 4009 1415 4046 ra
1436 3991 1506 4048 dicta
1529 3993 1585 4062 lege
1607 4001 1775 4062 susceperat,
1798 3997 1889 4052 eadem

1086 4071 1145 4110 rure
1181 4057 1306 4114 ustulare.
1342 4059 1369 4112 P
1393 4103 1398 4114 .
1418 4059 1442 4114 lc.
1462 4059 1548 4132 April.
1768 4069 1769 4072 ’

1122 4123 1140 4182 8
1159 4073 1247 4196 impp.
1265 4125 1453 4180 Diocletianus
1475 4133 1502 4180 et
1517 4127 1704 4182 Maximianus
1720 4129 1775 4184 ΑΛ.
1796 4137 1824 4186 ei
1841 4131 1887 4186 CC.

1088 4191 1280 4272 Enpbrospno.
1322 4193 1350 4246 Si
1373 4197 1435 4248 ante
1458 4195 1653 4250 matrimonium
1673 4197 1756 4252 maior
1775 4199 1889 4270 quinque

1087 4263 1114 4312 et
1130 4259 1221 4328 viginti
1238 4261 1316 4314 annis
1334 4261 1494 4316 constitutus
1513 4279 1626 4330 sponsae
1644 4279 1721 4330 suae,
1745 4267 1809 4320 licet
1826 4273 1888 4324 ante

1087 4327 1228 4396 sponsalia,
1258 4327 1369 4382 fundum
1397 4327 1504 4384 donavit
1530 4345 1639 4400 eamque
1664 4333 1692 4386 in
1715 4349 1826 4390 sacuam
1847 4337 1887 4390 in·

1086 4395 1161 4450 dccxii
1176 4395 1378 4462 possessionem,
1396 4401 1490 4466 postea
1505 4399 1577 4456 nullo
1593 4399 1671 4456 titulo
1687 4403 1857 4470 superstitem
1869 4411 1891 4444 1⁸

1086 4463 1125 4516 rel
1140 4469 1296 4518 testamento
1311 4465 1422 4520 eundem
1436 4465 1626 4538 relinquentem
1640 4467 1756 4526 alienare
1765 4473 1887 4542 potuisse

1727 4587 1875 4596 -«-·.-.......-.-....-.....¹
1878 4591 1882 4594 .

1085 4633 1119 4696 ia)
1139 4633 1326 4698 locumlraheat]
1336 4651 1475 4690 censeamus
1488 4637 1532 4691 Τίι.
1566 4641 1719 4706 (collinae
1755 4643 1797 4710 (11)
1808 4645 1846 4696 vel
1859 4647 1885 4710 C,

1085 4705 1109 4750 et
1136 4701 1155 4750 Ρ
1238 4703 1281 4768 (ta)
1307 4705 1368 4756 idem
1392 4707 1499 4770 leperual
1520 4709 1623 4760 Graeci:
1648 4711 1672 4760 et
1689 4711 1735 4762 dal.
1754 4713 1885 4766 Mommsen

234 4765 338 4834 irrepet,
354 4779 398 4832 aa
418 4779 438 4820 et
455 4789 517 4834 quae
536 4771 570 4822 itt
587 4771 720 4822 laudantur
788 4773 819 4838 (a)
837 4775 896 4822 sunt
913 4773 963 4834 Tin,
983 4771 1033 4822 rint
1078 4769 1121 4832 (13)
1141 4771 1274 4834 =9,a,18
1328 4771 1370 4836 (14)
1388 4773 1595 4842 utilibetpem.
1649 4777 1691 4838 tls)
1709 4775 1736 4824 iu
1754 4777 1884 4840 provincia

234 4831 290 4886 libri
350 4839 383 4902 (a)
401 4853 468 4886 arras
485 4837 652 4902 sponsaliciae]
671 4839 794 4904 sponsalia
815 4841 857 4892 Τλ.
923 4841 957 4902 (e)
974 4855 1032 4904 poe·
1080 4837 1164 4904 lpem.
1217 4839 1260 4900 (tel
1274 4843 1590 4910 potestsi'oPcuml.pem.l
1604 4845 1628 4894 in
1644 4845 1725 4906 potest
1739 4847 1783 4908 (sie
1799 4845 1821 4898 G
1833 4865 1883 4894 ειιιιι

233 4913 325 4966 tiaeque
350 4909 459 4970 expertes
482 4907 534 4954 siut
551 4921 612 4970 quae
631 4907 798 4972 quadruplum
815 4907 903 4958 statuit
923 4909 975 4972 Ta,
1001 4909 1031 4972 cf
1079 4905 1139 4956 Bet
1148 4909 1212 4970 ΒΣ]
1231 4921 1333 4960 ιιιιιιαιτι
1352 4911 1518 4978 compilatores
1537 4921 1636 4962 testatur
1647 4911 1793 4964 Tbalelaeus
1810 4915 1882 4974 ιΒΣ)

233 4969 255 5032 5,
273 4981 291 5034 l,
309 4983 360 5036 s,i
416 4973 447 5036 (a)
466 4987 495 5024 ac
513 4991 555 5024 om.
578 4975 621 5024 Ti.
674 4975 707 5040 (8)
725 4975 752 5026 id
770 4981 805 5028 est
822 4975 907 5026 consil.
926 4995 969 5026 om.
988 4975 1031 5026 Ti.
1054 5017 1057 5036 ,
1079 4977 1096 5038 (t
1116 4975 1125 5038 )
1144 4975 1193 5024 fors
1206 4975 1332 5038 O,s0rsP
1372 4979 1416 5044 ils)
1435 4977 1881 5044 sinnitensis,superstitePch

234 5089 514 5104 *Hm—amm

234 5103 445 5118 “amu—*—

842 5113 937 5120 mnu—w·-

263 5169 321 5240 Ι,6
347 5173 508 5230 Constitutio
537 5175 694 5246 nuptiarum
739 5181 900 5230 romaneium
920 5171 1032 5246 potissi·
1084 5177 1098 5224 a
1133 5173 1174 5228 sit.
1210 5171 1290 5238 Quod
1306 5191 1390 5246 supra
1408 5175 1460 5230 ίιοο
1477 5175 1577 5296 clipeis
1590 5179 1691 5254 pactus
1706 5173 1802 5252 fuerit,
1826 5189 1881 5252 apa

232 5251 300 5294 mrem
317 5241 385 5296 ntia
402 5241 526 5320 aremare
543 5243 606 5298 unilt.
641 5257 695 5314 quo
737 5245 761 5296 si
785 5245 893 5298 omnino
911 5241 1034 5312 accepere
1083 5241 1171 5310 enipi:
1196 5241 1243 5296 sed
1268 5247 1294 5296 et
1318 5243 1435 5298 solutum
1461 5245 1509 5298 recl
1529 5249 1571 5308 at,
1596 5259 1653 5322 sene
1673 5255 1815 5318 perminus*
1829 5255 1884 5294 nce

232 5307 342 5374 audeat,
365 5309 389 5362 si
410 5309 515 5380 quidem
539 5309 608 5364 nina
629 5327 662 5366 ea
686 5309 718 5366 cle
739 5327 770 5366 re
787 5311 948 5374 concucurrit,
965 5307 1034 5362 ntia
1082 5323 1126 5362 res
1144 5311 1285 5380 coemerit,
1304 5311 1359 5366 sinc
1376 5311 1458 5366 dediti
1475 5311 1565 5366 cautio
1580 5327 1603 5364 οι
1619 5309 1725 5388 redditu
1738 5309 1827 5376 fueret
1842 5305 1884 5362 ccl

233 5377 338 5432 omnino
354 5393 412 5432 eum
428 5377 567 5446 acnpere:
582 5377 608 5430 si
620 5393 684 5434 cero
700 5379 861 5444 convenerit,
880 5395 935 5432 non
949 5393 1033 5448 supra
1083 5375 1191 5430 omninno
1209 5377 1353 5446 quicquam
1370 5377 1466 5434 mobile
1482 5395 1530 5436 scu
1553 5375 1684 5432 immobile
1706 5389 1753 5452 sen
1775 5389 1804 5428 se
1827 5389 1884 5452 νιος

231 5439 379 5498 οιόεείιοοιιι
393 5449 505 5516 partem
523 5443 593 5498 dotis
610 5443 653 5500 uel
669 5451 732 5500 ante
747 5463 785 5500 nn
806 5447 858 5500 iias
875 5443 1032 5500 donationis
1082 5459 1146 5498 neas
1165 5443 1308 5512 acceperit,
1332 5445 1485 5500 actionibus
1505 5461 1561 5500 non
1583 5449 1686 5500 tantum
1705 5457 1737 5518 1ιιι
1759 5457 1818 5518 eum
1830 5455 1882 5560 pne

230 5509 276 5562 eni
296 5527 353 5578 ere,
377 5511 486 5584 quando
511 5509 561 5564 das
584 5509 713 5566 ducentas
730 5531 790 5568 aum
809 5513 894 5568 libras
911 5529 966 5566 non
983 5527 1031 5568 ea·
1082 5509 1227 5582 acceperit,
1251 5511 1300 5566 sed
1324 5515 1404 5568 etiam
1428 5515 1457 5568 in
1483 5515 1540 5568 αιίιε
1565 5509 1829 5586 λινιιίεειιιιιίιιιιαιι
1848 5525 1881 5574 ιε,

230 5587 258 5628 ce
277 5579 311 5632 ii:
336 5579 423 5634 minen
449 5583 538 5632 autem
562 5579 587 5632 si
611 5579 670 5634 nult
693 5581 719 5634 ei
744 5581 867 5654 accipere
886 5581 1029 5662 permittit.
1080 5593 1130 5632 neo
1152 5583 1255 5656 tantum
1277 5579 1311 5636 alr
1334 5597 1366 5638 ce
1388 5581 1436 5652 qui
1454 5581 1570 5658 dederit,
1588 5577 1636 5656 sect
1652 5581 1732 5630 etiam
1750 5575 1783 5628 ali
1807 5573 1881 5632 nere-

232 5643 242 5692 l
285 5645 477 5718 Coriusenmque
500 5649 588 5700 autem
612 5647 775 5714 quantitatis
797 5651 848 5704 dos
869 5655 918 5714 set,
944 5663 1030 5720 supra
1081 5643 1159 5698 dibus
1181 5661 1253 5700 erus:
1277 5663 1368 5718 poena
1390 5647 1482 5704 ‘decem
1508 5663 1568 5702 aare
1595 5643 1734 5720 librarum·
1752 5641 1882 5724 aduersus

230 5707 315 5768 decem
344 5717 421 5770 auri
435 5713 519 5770 libras
540 5719 714 5784 proxenetae
740 5719 864 5788 accepere
889 5731 945 5770 non
964 5731 1030 5788 per·
1080 5727 1127 5766 eos
1148 5713 1314 5790 'comitata
1346 5715 1394 5788 qui
1424 5715 1553 5770 aduncus
1578 5711 1646 5766 aueo
1673 5725 1764 5768 uentre
1790 5719 1872 5768 canat

229 5777 321 5844 mitit,
345 5783 448 5838 eaamsi
472 5785 546 5836 certa
569 5779 619 5834 dos
641 5779 684 5836 nel
705 5791 768 5838 anie
788 5785 900 5854 nuptias
917 5781 1029 5836 ιίοιιοίίο
1079 5779 1191 5846 furunt

303 5873 326 5914 u.
932 5923 934 5926 ¹
1508 5861 1509 5864 ’
1646 5865 1676 5914 25
