4258 6258
236 371 499 436 ermanaricus
521 367 693 420 excussura
1034 347 1095 422 311
1687 357 1832 426 1111151.
1856 363 1892 424 51

269 541 309 604 14
336 541 411 598 Idem
437 537 492 592 AA.
521 543 548 618 et
574 537 620 594 CO.
648 537 772 598 Scaeuae.
818 541 864 598 lus
889 539 1043 622 pqstliminji
1091 541 1182 600 datum
1204 563 1253 618 pro
1275 561 1304 602 se
1322 547 1437 616 pretium
1454 549 1619 622 emptoribus
1636 547 1775 606 restituere
1793 551 1841 602 aut
1857 547 1896 602 la-

235 617 312 676 filiam
336 611 416 664 rebus
433 607 557 688 humanus
576 615 698 680 exempta
714 615 814 678 matre,
836 609 897 664 dum
914 625 943 664 1u
960 625 1041 664 seru·
1091 611 1195 670 boris1⁰
1214 617 1277 674 obse
1295 615 1339 672 uio
1355 619 1395 672 rel
1414 633 1494 688 opere
1511 619 1683 690 quinquennii
1697 617 1779 674 ricem
1796 617 1896 670 referre

234 683 297 742 tutis
320 679 381 748 ipsa
404 679 564 756 necessitate
589 693 636 746 per
662 679 827 762 captiuitatiq
850 693 959 760 causam
982 677 1041 758 fuit,
1090 679 1226 752 beneficii,
1253 631 1393 742 hdirituros
1415 685 1587 756 incolumem,
1614 691 1637 744 si
1659 689 1686 744 in
1706 703 1736 742 ea
1754 683 1809 740 nati
1826 691 1896 752 sunt,

234 755 327 826 eventu
353 745 484 814 purgato¹
514 759 602 826 rigore
633 747 668 828 ad
694 763 751 804 erus
777 749 921 820 legitimam
946 751 1043 802 invitat
1091 753 1119 802 3,
1139 751 1299 808 libertatem.
1340 753 1497 810 Redduntur
1519 757 1599 826 igitur
1621 757 1758 814 sedibus¹¹
1781 753 1896 826 propriis

233 815 419 880 hered1tatem,
443 827 493 866 nec
511 811 561 868 tuln
578 815 657 868 medu
678 817 806 886 temporis
829 817 951 882 somnne,
975 831 1041 884 quc·
1091 819 1140 874 sub
1163 823 1344 878 moderatione
1367 837 1420 890 qua
1442 823 1581 892 iussimus,
1604 827 1700 896 quibus
1722 827 1780 880 iure
1803 821 1895 892 postli-

233 889 319 966 minus
341 897 384 964 res
407 883 541 964 maternas}
565 883 735 964 successione
758 887 892 956 quaesitas
916 883 1041 1008 perscgui
1090 885 1163 942 minii
1181 893 1262 946 etiam
1279 893 1397 942 ueterum
1414 891 1548 958 responsis
1566 893 1710 952 incolumia
1728 897 1826 952 cuncto
1840 907 1895 946 ser·

232 967 326 1030 possus,
343 963 468 1004 murram
484 949 543 1004 fieri
560 957 685 1018 patimur.
722 951 750 1010 S.
769 953 966 1030 111111.Α]1111
1013 951 1039 1008 0.
1090 959 1158 1022 4(1)
1193 957 1281 1012 vande
1291 959 1309 992 ¹²
1332 961 1402 1010 suut.
1438 957 1467 1012 Si
1488 961 1547 1028 quis
1564 961 1655 1030 itaque
1672 963 1735 1018 huie
1754 965 1895 1032 praecepto

233 1037 318 1084 conss.
925 1027 960 1090 [a.
980 1025 1040 1088 294]
1088 1021 1170 1080 fuerit
1187 1029 1300 1084 conatus
1318 1023 1449 1078 obsistere
1466 1031 1542 1082 actor
1561 1031 1707 1086 conductor
1724 1037 1894 1102 procurator·

266 1089 303 1148 15
329 1085 405 1142 Idem
425 1085 481 1142 AA.
505 1093 532 1142 et
556 1085 603 1142 00.
627 1085 810 1144 Macedonio.
851 1093 891 1162 Ie,
910 1091 1041 1162 quilibet
1090 1107 1154 1160 quc,
1181 1095 1238 1150 dari
1260 1109 1289 1148 se
1311 1091 1426 1146 metallis
1449 1107 1510 1146 cum
1527 1111 1614 1164 poena
1632 1099 1824 1168 deportationis
1841 1115 1896 1152 nou

233 1155 392 1220 constitutus
410 1161 506 1236 eaptus
524 1155 559 1210 ab
578 1155 697 1212 hostibus
719 1159 877 1216 commercio
893 1159 1038 1228 rudinitur,
1089 1161 1247 1232 ambiget¹³r
1270 1161 1293 1216 si
1310 1175 1371 1216 uero
1391 1161 1566 1228 possessionis
1585 1165 1717 1234 dominus,
1737 1183 1798 1228 ¹rem
1820 1183 1896 1222 suam

231 1235 257 1288 qt
274 1231 415 1306 antequam
436 1225 666 1306 restrtuatur'pro
689 1239 720 1280 eo
743 1223 806 1280 data
828 1231 954 1298 pecunia,
977 1245 1038 1286 suc·
1089 1235 1103 1282 t
1130 1231 1194 1288 fisco
1213 1229 1315 1288 nouerit
1332 1227 1517 1282 vindicandam
1533 1247 1614 1300 seque
1631 1233 1832 1302 deportandum.
1859 1235 1896 1290 Et

231 1307 357 1356 cessroms
379 1307 439 1346 rura
461 1291 513 1348 s1b1
534 1292 670 1348 vindicare
692 1291 785 1350 lavore
801 1295 972 1366 ingenuitatis
990 1315 1038 1368 po·
1088 1303 1119 1354 ut
1144 1297 1231 1356 foedis
1258 1297 1392 1354 exsecutio
1416 1297 1592 1368 proveniat¹⁴,
1616 1301 1782 1366 Christianos
1824 1303 1894 1358 roxi-

230 1367 294 1430 test‚
317 1365 348 1416 ut
371 1375 405 1414 ex
425 1375 458 1414 ea
480 1359 567 1430 possit
589 1361 705 1430 pretium
726 1379 775 1432 pro
794 1379 822 1420 se
841 1365 932 1420 datum
950 1369 1038 1422 exsol-
1088 1381 1190 1424 mamm
1220 1369 1340 1422 locorum
1366 1365 1487 1420 uolumus
1520 1365 1599 1424 huius
1625 1369 1665 1424 rei
1691 1321 1894 1428 sollicitudinem

229 1447 298 1492 uere.
683 1497 709 1510 .,
924 1441 1038 1502 [11291]
1086 1451 1191 1504 gerere:
1217 1435 1329 1492 curiales
1352 1447 1458 1502 quoque
1480 1435 1659 1502 proximarum
1683 1439 1820 1494 ciuitatum
1836 1439 1893 1522 pla·

263 1495 306 1558 16
328 1495 406 1578 Idem
420 1497 528 1580 AA.·et
551 1495 597 1552 CO.
618 1495 769 1556 Bastlenae.
810 1501 973 1560 commercio
996 1519 1038 1558 re·
1088 1505 1145 1558 cuit
1161 1501 1305 1566 admoueri,
1325 1507 1356 1556 ut
1373 1503 1568 1570 emergentibus
1585 1505 1683 1560 talibus
1703 1507 1790 1562 causis
1808 1513 1896 1562 sciant

229 1571 351 1636 demptae
365 1565 456 1646 dhus,¹
474 1565 539 1620 licet
562 1579 594 1618 cx
614 1581 690 1620 servo
707 1567 795 1624 medio
813 1573 954 1642 susceptos
971 1577 1038 1628 tem·
1087 1573 1153 1642 legis
1176 1577 1284 1628 nostrae
1307 1569 1436 1624 auxiium
1457 1567 1643 1626 deferendumr
1666 1573 1705 1628 ita
1727 1579 1758 1630 ut
1775 1575 1895 1630 normint

229 1651 307 1710 pore,
332 1633 427 1702 origini
449 1633 621 1716 ingenuitatis
644 1635 738 1692 matris
761 1637 837 1692 iuxta
854 1653 887 1694 ea
921 1657 972 1696 uae
990 1641 1036 1696 be·
1087 1645 1204 1696 rectores
1228 1637 1343 1694 universi
1366 1637 1458 1690 decern
1478 1639 1561 1694 libras
1585 1639 1643 1694 auri
1661 1657 1677 1696 a
1696 1657 1724 1696 re
1741 1645 1768 1696 et
1784 1645 1893 1698 tantun·

229 1701 603 1834 uernularum
805 1705 833 1762 r·
863 1657 1036 1842 11111
1086 1707 1253 1832 aarum
1271 1721 1304 1774 u

262 1837 300 1922 11
320 1837 396 1894 Idem
413 1841 469 1894 AA.
487 1847 515 1896 et
533 1837 580 1922 CC.
593 1839 752 1912 Dioqenlae.
788 1841 871 1898 Liber
889 1849 984 1918 captus
1002 1847 1036 1904 ab
1087 1793 1283 1904 ctgiieoeono
1302 1855 1344 1900 111
1358 1843 1415 1900 AA.
1435 1843 1548 1900 animast
1580 1793 1680 1834 vennae
1727 1795 1824 1912 onega
1833 1795 1895 1914 11111

227 1909 348 1968 hostibus
373 1913 399 1962 et
422 1921 579 1966 commercio
599 1909 752 1982 redemptus
770 1915 835 1968 tuuc
854 1915 958 1970 demum
977 1933 1037 1972 cum

227 1977 340 2052 pretium
364 1977 473 2032 solverit
489 1979 531 2034 vel
554 1981 606 2034 hoc
629 1981 654 2034 ei
677 1981 863 2052 qualicumque
885 1983 1038 2040 remittatur
1403 1987 1578 2060 ΙιΙ(Ι1ΙΙ).16

232 2059 240 2104 ¹
276 2045 388 2112 ludiim
416 2049 515 2102 aarum
540 2047 682 2118 pristinum
708 2049 811 2118 recipit.
857 2051 915 2120 ‘2¹²⁰
940 2069 1037 2122 genere
1086 2089 1132 2140 nn
1150 2087 1357 2140 tarantinus
1371 2087 1550 2140 excoctum
1565 2087 1701 2138 arenata
1715 2087 1761 2138 nr
1774 2085 1893 2136 sununs

226 2115 601 2250 tl‘illttddtiit
624 2119 1035 2260 tibdttiitititiii
1085 2157 1131 2208 u
1148 2157 1194 2208 u
1209 2155 1809 2276 fflqqngqqngqggqqquuu
1824 2155 1892 2206 111

225 2263 276 2316 tur,
295 2253 348 2308 voti
365 2251 513 2320 recipiendi
530 2253 613 2308 filium
629 2255 754 2324 cogitatio
773 2271 832 2310 cum
848 2257 959 2326 optabili
972 2275 1035 2314 con·

226 2321 334 2400 dicione·
345 2319 429 2374 filium
447 2321 510 2378 ilico
527 2323 608 2376 matri
626 2323 750 2392 restituit,
771 2323 810 2378 ita
827 2331 858 2378 ut
875 2327 903 2380 ct
920 2325 1035 2382 civilium
1120 2323 1134 2382 1
1157 2323 1225 2398 imp.
1235 2323 1394 2380 Alexander
1410 2325 1441 2380 A.
1457 2323 1577 2380 Claudia.
1613 2323 1641 2380 Si
1658 2323 1740 2380 invito
1758 2323 1800 2378 vel
1817 2323 1890 2392 igno·

226 2393 351 2458 obsequio
375 2403 513 2444 munerum
535 2395 646 2460 propter
669 2407 762 2446 casum
784 2391 959 2462 praeteritum
981 2411 1035 2450 non
1085 2399 1162 2450 rante
1184 2399 1213 2452 te
1235 2397 1329 2464 partus
1352 2393 1466 2448 ancillae
1488 2393 1534 2452 vel,
1553 2391 1644 2448 adseri
1662 2393 1742 2448 ticine
1763 2395 1827 2446 tuae
1843 2407 1890 2446 ex-

226 2467 240 2514 2
274 2461 426 2512 excusetur.
457 2457 510 2540 Pro
527 2461 651 2530 pietatis⁸
668 2461 760 2530 itaque
778 2461 882 2516 radone
899 2461 933 2516 ab
950 2461 1036 2518 hosti·
1084 2463 1188 2532 positus
1208 2467 1256 2530 est,
1274 2463 1395 2530 repetere
1411 2475 1472 2532 eum
1488 2477 1543 2516 nou
1559 2409 1717 2530 prohilieris.
1750 2459 1797 2516 scd
1813 2461 1891 2514 resti-

225 2529 275 2608 bus
300 2525 437 2596 redempto
461 2527 516 2582 filio
539 2527 606 2584 iacti
632 2532 659 2584 te
682 2529 820 2598 paenitere
842 2545 876 2584 ac
899 2529 931 2584 de
948 2531 1035 2600 pretio
1084 2533 1153 2586 tutio
1172 2531 1240 2598 eius,
1265 2529 1289 2584 si
1304 2545 1359 2584 non
1376 2545 1393 2584 a
1409 2527 1470 2584 iure
1485 2529 1667 2594 vindicaveris,
1685 2529 1724 2584 ita
1740 2527 1795 2594 dei,
1814 2533 1851 2594 ut,
1870 2529 1892 2584 si

226 2611 366 2668 quicquam
388 2601 581 2652 tractarenon
605 2599 742 2654 convenit:
771 2599 861 2652 dotem
887 2599 1034 2654 tamenab
1085 2599 1187 2668 quain
1211 2597 1305 2654 alendo
1331 2613 1360 2652 ec
1379 2597 1419 2652 rel
1436 2599 1507 2652 forte
1527 2597 1561 2650 ad
1579 2597 1732 2654 discendum
1749 2593 1891 2652 artificium

225 2681 255 2722 ec
279 2663 395 2718 debitam
416 2665 475 2718 iure
498 2681 625 2722 concesso
644 2665 720 2722 reddi
736 2667 867 2736 postules.
903 2667 930 2722 S.
950 2683 993 2724 111
1007 2667 1034 2724 lc.
1084 2669 1152 2722 iuste
1175 2671 1333 2736 consumpta
1355 2665 1467 2734 luerint,
1491 2665 1638 2722 restitueris
1649 2667 1675 2720 ¹⁷.
1717 2665 1773 2722 ΡΡ.
1799 2679 1841 2720 111
1864 2665 1889 2720 lc.

225 2731 292 2788 Nau.
311 2731 442 2788 revelem
461 2731 508 2788 OC.
527 2751 615 2788 conss.
920 2741 1033 2802 [11291]
1085 2735 1146 2808 lan,
1165 2735 1275 2790 iuliano
1293 2741 1321 2790 et
1339 2733 1464 2806 Crispino
1482 2751 1567 2788 conss.
1778 2737 1890 2800 [11221]

258 2797 297 2860 18
315 2797 393 2854 idem
409 2801 466 2856 AA.
489 2809 516 2858 et
534 2801 581 2860 CO.
602 2801 806 2876 diaphoniam.
848 2803 890 2860 Ab
912 2805 1035 2862 hostibus
1119 2803 1137 2860 2
1168 2803 1250 2878 ¹⁸Imp
1267 2821 1297 2874 p.
1330 2801 1536 2858 Valentinianus
1565 2801 1664 2858 Valens
1689 2809 1716 2858 et
1743 2799 1891 2858 Gratianus

225 2869 310 2938 captis
336 2883 370 2924 ac
393 2871 694 2938 postliminiureversis
717 2887 768 2942 pro
792 2871 945 2928 huiusmodi
969 2887 1034 2928 casu
1083 2873 1163 2926 AAA.
1182 2873 1220 2926 ad
1277 2869 1356 2926 oham
1368 2887 1419 2942 pp.
1460 2869 1650 2938 Unusquisque
1670 2871 1791 2926 subolem
1815 2885 1890 2924 auam

224 2937 328 3004 amissa,
347 2953 417 3006 quac
433 2941 461 2992 in
479 2939 572 2994 eadem
590 2955 673 2994 causa
690 2941 797 3010 quidem
815 2941 925 3006 durant,
949 2941 1032 2996 omni·
1084 2941 1192 2994 nutriat.
1228 2939 1299 3010 quod
1322 2939 1344 2992 si
1361 2939 1545 3006 exponendam
1562 2939 1707 3008 putaverit,
1725 2937 1889 2992 animadver-

224 3005 300 3064 modo
326 3007 441 3074 directa,
458 3021 534 3076 ‘quae
551 3025 614 3062 uero
631 3025 681 3076 per
698 3007 891 3078 usucapionem
908 3009 949 3064 uel
966 3011 1033 3064 libe·
1086 3013 1097 3062 1
1134 3007 1202 3064 sioni
1228 3021 1296 3076 quae
1322 3007 1469 3062 constituta
1495 3013 1536 3062 est
1562 3007 1717 3062 subiacebit.
1763 3007 1815 3060 Sed
1841 3019 1891 3060 nec

223 3073 352 3132 rationem
375 3089 408 3130 ex
431 3075 509 3132 bonis
531 3077 671 3130 subtracta
695 3079 736 3132 uel
758 3093 813 3132 non
836 3077 936 3132 utendo
957 3077 1034 3132 finita
1085 3077 1196 3130 dominis
1220 3075 1261 3130 vel
1283 3073 1403 3144 patronis
1427 3073 1566 3144 repetendi
1589 3073 1690 3132 aditum
1708 3073 1889 3142 relinquimus,

223 3159 281 3202 esse
305 3143 443 3208 videntur,
472 3145 563 3198 intra⁵
589 3161 688 3200 annum
715 3145 807 3200 utilem
833 3145 1032 3214 experientibus
1084 3145 1107 3200 si
1129 3145 1163 3198 ab
1181 3145 1248 3214 ipsis
1256 3143 1277 3176 ¹⁹
1298 3157 1332 3198 ex
1352 3143 1434 3198 ositos
1456 3141 1647 3210 quodammodo
1664 3143 1699 3196 ad
1715 3147 1827 3198 mortem
1844 3157 1890 3196 ro·

223 3213 328 3268 andorn
352 3213 510 3268 rescissoria
533 3213 722 3268 restituuntur.
767 3211 824 3268 ΡΡ.
850 3229 899 3268 xii
920 3211 945 3268 lc.
968 3213 1032 3268 Bac.
1083 3213 1174 3268 luntas
1193 3157 1389 3268 misericordiae
1406 3211 1492 3266 amica
1510 3211 1656 3280 collegerit:
1682 3225 1733 3268 nec
1756 3209 1827 3264 anim
1850 3211 1889 3264 di·

224 3281 270 3338 00.
289 3297 375 3336 corase.
920 3287 1032 3348 [1291]
1085 3297 1145 3336 cere
1177 3297 1254 3336 suum
1283 3279 1394 3350 poterit,
1444 3295 1505 3334 uem
1534 3283 1689 3350 pereuntem
1721 3277 1888 3348 contempsit

221 3417 222 3422 η
276 3347 294 3408 9
320 3349 392 3420 “Imp
408 3365 440 3420 p.
471 3349 680 3428 Valentinianus
707 3349 808 3406 Valens
833 3355 861 3406 et
884 3347 1034 3406 Gratianus
1082 3349 1116 3406 J).
1144 3365 1187 3406 111
1215 3365 1277 3406 non.
1310 3347 1393 3404 Mart.
1426 3295 1560 3402 iratique
1590 3349 1622 3404 A.
1649 3361 1692 3402 m
1721 3355 1749 3404 et
1775 3345 1888 3418 Equitio

221 3419 300 3474 AAA.
324 3417 360 3472 ad
383 3367 559 3472 decumanam
576 3417 678 3474 dacem.
719 3419 832 3488 Siquos
851 3417 921 3472 forte
938 3433 1032 3474 neem·
1083 3433 1169 3472 eorus.
1775 3419 1888 3480 [(1314]

223 3489 287 3544 situs
306 3485 468 3556 captivitatis
487 3485 606 3552 abduxit,
626 3487 720 3554 sciant,
745 3487 769 3544 si
786 3503 839 3542 uon
857 3487 1032 3552 nausiarent,
1118 3483 1135 3544 3
1156 3485 1248 3558 ²⁰lmp.
1268 3483 1438 3540 lastinianus
1459 3487 1490 3538 A.
1514 3483 1687 3540 Demostheni
1704 3503 1756 3556 pp.
1797 3481 1889 3538 Sauci-

223 3553 269 3610 sed
291 3555 396 3610 hostilis
419 3553 579 3622 inruptionis
602 3557 763 3610 necessitate
785 3555 936 3610 transducti
961 3561 1032 3622 sunt,
1083 3571 1141 3610 mus
1169 3553 1267 3610 nemini
1295 3553 1413 3620 licere²¹,
1440 3553 1494 3608 sive
1517 3553 1551 3608 ab
1577 3553 1699 3622 ingenuis
1724 3549 1889 3622 genitoribus

223 3621 401 3692 adproprias
424 3625 510 3676 terras
527 3625 656 3680 festinare
674 3625 784 3690 debere,
801 3629 957 3692 recepturos
974 3625 1032 3678 iure
1083 3639 1151 3692 puer
1172 3621 1299 3694 parvulus
1323 3625 1480 3688 procreatus
1502 3619 1557 3676 siue
1579 3637 1595 3676 a
1617 3619 1743 3676 libertina
1764 3619 1889 3700 progenie

221 3691 375 3762 postliminii
392 3707 437 3756 ea,
460 3705 529 3760 quae
549 3691 579 3746 in
596 3693 668 3760 agris
686 3693 727 3748 vel
746 3691 888 3760 mancipiis
905 3707 954 3748 seu
971 3691 1032 3748 aliis
1083 3691 1137 3746 siue
1156 3691 1244 3748 seruili
1262 3689 1416 3744 condicione
1433 3691 1582 3744 maculatus
1601 3689 1739 3758 expositus
1757 3691 1804 3754 art,
1829 3703 1889 3742 eum

222 3759 319 3816 rebusl
347 3763 409 3814 ante
434 3763 590 3824 tenuerunt,
617 3761 668 3816 etsi
689 3777 707 3816 a
730 3761 796 3814 fisco
822 3763 915 3816 nostm
944 3761 1031 3828 possi·
1082 3775 1195 3828 puerum
1221 3761 1249 3814 in
1275 3773 1352 3812 suum
1379 3757 1522 3812 dominium
1547 3757 1681 3812 vindicare
1706 3757 1760 3812 sire
1782 3755 1888 3810 nomine

223 3835 234 3880 1
271 3827 408 3882 deantur.
448 3827 506 3880 Nec
529 3827 622 3882 timeat
639 3829 779 3898 quisquam
797 3829 909 3882 alicuius
925 3831 1032 3882 contra·
1083 3827 1191 3880 dominii
1213 3827 1268 3882 sive
1290 3823 1477 3894 adscriptitiae
1500 3825 1554 3880 sive
1577 3823 1729 3880 colonariae
1753 3823 1887 3878 condicio·

221 3895 344 3952 dictiunis
366 3911 480 3964 moram,
506 3911 566 3950 cum
589 3897 640 3952 hoc
664 3897 752 3952 solum
774 3895 962 3966 requirendum
988 3897 1030 3960 sit,
1082 3895 1136 3948 uis:
1160 3895 1206 3950 sed
1223 3909 1310 3962 neque
1327 3893 1383 3958 bis,
1408 3893 1454 3960 qui
1476 3907 1522 3946 eos
1540 3893 1696 3946 nutriendos
1714 3891 1887 3956 sustulerunt,

220 3967 309 4018 utrum
331 3963 426 4030 aliquis
451 3979 512 4018 cnm
533 3965 657 4020 barbaris
675 3967 813 4020 voluntate
834 3965 915 4018 tuerit
932 3977 968 4018 an
986 3979 1030 4018 co·
1081 3963 1215 4016 licentiam
1234 3959 1344 4016 concedi
1361 3961 1467 4026 penitus
1489 3963 1560 4024 tcum
1576 3961 1691 4026 quadam
1708 3957 1886 4024 distinctione]

218 4035 300 4086 actus.
342 4027 534 4084 11111111.
559 4029 859 4088 RemisilrotianoA.
884 4027 1029 4098 etllaqa·
1079 4041 1125 4084 eos
1151 4027 1244 4084 tollere
1270 4029 1298 4104 et
1322 4023 1506 4080 educationem
1532 4039 1623 4078 eorum
1647 4039 1807 4144 gunemars,
1832 4039 1887 4080 nee
1929 4085 1930 4088 Ἴ

219 4099 255 4154 lai
272 4115 288 4152 0
306 4115 391 4152 corus.
914 4099 948 4162 [a.
967 4093 1027 4166 366]
1078 4095 1190 4150 masculi
1206 4095 1261 4150 siut
1277 4109 1331 4146 sive
1348 4093 1469 4160 feminae,
1487 4097 1518 4146 ut
1535 4105 1581 4146 eos
1595 4093 1637 4146 rel
1664 4107 1713 4148 occ
1731 4093 1885 4148 libertorum

184 4233 185 4236 Ἴ
251 4165 290 4226 10
319 4165 419 4238 ”impp
447 4165 591 4222 Honorius
616 4173 644 4222 et
671 4163 839 4222 Theodosias
861 4165 917 4218 AA.
943 4161 1028 4218 Theo·
1077 4163 1119 4218 vel
1136 4163 1195 4218 locc
1214 4161 1380 4218 servorum²²
1400 4161 1447 4214 aut
1464 4159 1618 4216 colonorum
1635 4165 1683 4214 aut
1700 4159 1885 4240 adscripticio-

218 4233 286 4290 doro
299 4251 349 4308 pop.
385 4233 558 4288 Diversarum
581 4235 702 4290 homines
722 4233 919 4306 prouinciarum
937 4231 1027 4286 cuius·
1081 4237 1093 4286 1
1133 4247 1193 4286 rum
1216 4229 1340 4282 habeant.
1385 4227 1437 4282 Sed
1460 4229 1533 4282 nullo
1559 4227 1708 4284 discrimine
1731 4229 1823 4282 habrtc
1847 4227 1884 4294 hi,

218 4303 282 4358 libet
304 4317 385 4358 sexus
409 4303 573 4358 condicionis
591 4303 700 4370 aetatis,
720 4317 787 4372 quos
806 4299 946 4356 barbarica
963 4299 1027 4354 feri·
1078 4299 1122 4368 qui
1145 4299 1179 4354 ab
1203 4295 1356 4352 huiusmodi
1373 4295 1524 4350 huminibus
1542 4297 1648 4352 educati
1666 4299 1741 4362 sunt,
1764 4295 1840 4352 liberi
1859 4303 1885 4352 et

218 4377 258 4426 tas
281 4371 388 4442 captiua
413 4371 573 4426 necessitate
599 4375 798 4440 manavererat,
824 4369 922 4426 inritos
949 4383 1026 4422 nemo
1076 4367 1183 4434 ingenui
1192 4367 1341 4488 appareant
1358 4369 1385 4418 et
1399 4363 1451 4420 sibi
1465 4365 1607 4434 adquirant
1622 4369 1648 4420 et
1662 4365 1690 4420 iu
1700 4365 1884 4434 posteritatem

218 4441 342 4506 retineat,
368 4439 416 4494 sed
442 4441 477 4494 ad
500 4441 611 4510 propria
633 4441 722 4496 radim
749 4439 918 4520 cupientibus
942 4437 1027 4492 libera
1077 4451 1156 4490 suam.
1178 4451 1211 4490 ve
1244 4439 1384 4488 extraneos
1402 4433 1512 4488 heredes
1530 4431 1619 4488 omnia
1642 4449 1710 4502 quae
1733 4433 1882 4502 habuerint,

221 4513 231 4562 1
269 4509 304 4564 sit
316 4507 440 4564 facultas.
467 4507 570 4576 Quibus
586 4509 610 4564 si
625 4509 767 4580 quicquam
782 4525 811 4562 un
824 4525 903 4564 usum
916 4507 1027 4560 vestium
1078 4501 1209 4574 quomodo
1232 4501 1376 4568 soluerint,
1401 4501 1597 4568 transmittant,
1624 4501 1698 4558 nulla
1721 4501 1826 4558 macula
1843 4503 1884 4558 vel

218 4577 258 4632 uel
275 4577 415 4630 alimoniae
432 4577 581 4646 impensum
599 4583 654 4644 est,
678 4575 839 4632 humanitati
861 4577 897 4630 sit
913 4573 1026 4644 praesti-
1077 4571 1212 4628 seruitutis
1229 4571 1271 4626 vel
1293 4569 1479 4640 adscripticiae
1501 4577 1548 4624 aut
1572 4571 1722 4626 colonariae
1750 4569 1883 4626 condicio-

218 4651 273 4700 tum
290 4663 340 4700 nec
356 4651 463 4700 maneat
479 4645 603 4700 victualis
622 4655 744 4716 sumptus
767 4645 905 4714 repetitio:
930 4657 1026 4712 excep·
1077 4641 1117 4694 nis
1130 4639 1236 4694 imbuti:
1254 4653 1305 4692 nee
1322 4639 1398 4708 quasi
1411 4645 1570 4708 patronatus
1583 4639 1642 4694 iura
1653 4639 1682 4694 in
1696 4641 1777 4696 rebus
1792 4655 1883 4696 eorum

218 4713 320 4780 lichia,
339 4729 405 4782 quos
418 4713 540 4768 barbaris
557 4715 732 4770 vendentibus
750 4719 853 4784 emptos
872 4727 930 4768 esse
947 4711 1027 4766 doce·
1076 4709 1117 4762 his
1141 4709 1187 4776 qui
1210 4723 1256 4766 eos
1274 4713 1449 4776 susceperunt
1467 4709 1509 4762 vel
1526 4707 1693 4778 susceperint
1709 4705 1883 4780 praetendere

218 4781 295 4850 bitur,
314 4799 331 4836 a
348 4783 444 4852 quibus
463 4788 550 4838 status
568 4783 610 4838 sui
626 4783 743 4852 pretium
758 4787 870 4852 propter
884 4779 1026 4834 utilitatem
1077 4777 1226 4842 concedi²³,
1256 4775 1302 4830 sed
1331 4775 1359 4830 iu
1387 4793 1488 4832 omnem
1517 4781 1626 4844 terram,
1655 4793 1724 4846 quae
1746 4777 1883 4832 Romanae

218 4855 232 4902 2
266 4851 401 4922 publicam
424 4850 589 4920 emptoribus
613 4867 728 4922 aequum
749 4857 792 4906 est
809 4847 949 4904 redhiberi.
985 4845 1026 4900 Ne
1077 4849 1092 4900 2
1127 4845 1227 4900 dicium
1244 4845 1382 4914 supposita
1399 4851 1446 4912 est,
1465 4847 1531 4900 haec
1550 4847 1676 4900 obtinere.
1703 4845 1797 4912 Neque
1814 4843 1883 4922 enim

218 4921 322 4988 quando
346 4919 416 4974 enim
438 4919 529 4972 domni
553 4921 731 4976 consideratio
755 4921 783 4974 iu
800 4919 849 4972 tali
866 4915 1026 4972 necessitate
1076 4919 1182 4984 oportet
1197 4931 1251 4978 eos,
1268 4913 1314 4982 qui
1326 4915 1360 4968 ab
1374 4915 1450 4970 initio
1465 4915 1580 4970 infantes
1595 4915 1742 4982 abegerunt
1754 4915 1882 4966 etmortrs

218 4989 309 5056 positis
328 4987 419 5056 negari
436 4987 520 5042 faciat
533 4989 702 5058 emptionem,
721 4991 799 5044 decet
812 4987 962 5056 redemptos
977 4987 1026 5038 aut
1076 4981 1146 5038 forte
1158 4999 1233 5052 spent
1247 4981 1318 5038 circa
1328 4997 1374 5038 eos
1383 4983 1541 5050 habueruut,
1555 4985 1671 5038 incertos
1685 4979 1881 5042 constitutcs²⁴‚

218 5161 247 5224 (1)
264 5161 327 5212 viiic
344 5175 389 5212 suc
411 5163 456 5212 ins.
476 5161 609 5212 Mcrnmsen
694 5161 728 5226 (2)
752 5175 771 5212 s.
789 5175 807 5208 v
829 5159 853 5210 k.
872 5159 926 5210 Oct.
944 5155 1026 5206 vimi·
1079 5155 1205 5218 111111,
1222 5155 1248 5206 (1.
1265 5169 1298 5206 111
1315 5173 1373 5206 uon.
1389 5157 1440 5208 deo.
1454 5173 1578 5208 ravennae
1591 5155 1661 5206 basso
1677 5155 1701 5204 ei
1714 5149 1828 5218 philippo
1843 5165 1881 5200 su.

218 5227 283 5278 nacii
305 5229 354 5282 OG.
379 5245 456 5282 conss.
482 5247 533 5280 cum
551 5227 699 5280 Mommseno
716 5229 840 5296 Zeitfolpe
859 5245 886 5294 p.
905 5235 945 5278 tut
969 5241 1026 5288 sen,
1076 5237 1111 5272 cc.
1121 5237 1199 5272 conss.
1208 5227 1308 5290 accepta
1322 5239 1371 5276 xer
1384 5227 1409 5276 k.
1418 5227 1468 5276 iau.
1487 5227 1531 5290 (α
1540 5245 1564 5276 ο.
1574 5225 1626 5286 tos)
1641 5221 1763 5272 Sirmond.
1799 5217 1881 5282 (ttlB

218 5299 266 5348 nisi
279 5299 349 5364 sorte
367 5299 426 5350 baec
444 5297 580 5350 constitutio
599 5299 650 5350 loeo
669 5317 717 5350 non
734 5317 777 5350 sno
797 5317 812 5348 o
829 5295 1026 5362 compilatoribus
1076 5293 1149 5350 33,2
1200 5293 1245 5356 (11)
1263 5293 1298 5344 sic
1314 5293 1378 5358 dite,
1396 5295 1536 5344 restitueres
1554 5287 1616 5344 11111
1667 5291 1712 5354 (18)
1731 5287 1761 5354 cf.
1778 5287 1881 5350 il‚it,i:

218 5365 308 5416 inserta
332 5377 367 5422 est
451 5365 483 5432 (1)
505 5365 674 5430 propiciatio
698 5367 767 5430 dett,
789 5363 952 5430 proprietatis
982 5359 1026 5412 eit
1078 5367 1161 5418 §l=
1176 5359 1308 5424 Τ1.5,1,2
1350 5361 1398 5428 (11)
1411 5363 1442 5412 ab
1456 5363 1518 5428 ipsis
1533 5381 1576 5412 om.
1589 5359 1635 5410 Τ1.
1679 5355 1728 5418 (21)
1743 5377 1778 5400 a
1792 5355 1882 5416 1,1,21

219 5431 249 5498 (a)
266 5433 372 5486 devellia
390 5433 452 5486 Hal.
506 5433 539 5496 (a)
557 5431 626 5484 iutra,
642 5433 681 5496 M,
698 5433 766 5484 infre
788 5433 831 5486 GR
884 5431 918 5498 (n)
933 5429 1024 5482 aella
1076 5427 1122 5492 (21)
1140 5425 1234 5478 nemini
1256 5425 1333 5480 licere
1349 5431 1463 5482 volumus
1487 5431 1503 5482 1.
1521 5447 1581 5496 pem.
1666 5425 1713 5488 (22)
1734 5421 1881 5474 libertorum

219 5501 240 5564 5,
259 5511 333 5562 t,1¹
368 5505 401 5568 (1)
419 5517 461 5552 reu
479 5499 535 5550 aliis
553 5499 625 5550 rebus
643 5521 687 5552 om.
707 5503 752 5554 Τ1.
813 5501 849 5566 (8)
866 5501 918 5552 siue
935 5515 951 5550 a
966 5497 1026 5550 fisco
1076 5495 1223 5556 (liberorum
1244 5495 1298 5560 eit)
1316 5497 1354 5548 uel
1370 5497 1427 5550 lcco
1444 5511 1569 5550 serrorum
1590 5489 1654 5554 0111,
1676 5505 1802 5542 servorum
1819 5487 1881 5542 liba·

218 5579 241 5618 n.
259 5583 321 5632 poss.
339 5571 390 5622 sive
407 5571 435 5620 iu
453 5567 562 5634 aliquem
578 5569 716 5634 principali
734 5567 885 5622 liberalitate
902 5567 1026 5620 transfusa
1076 5577 1161 5614 rorum
1178 5563 1218 5614 val
1235 5563 1402 5630 ingenuarum
1419 5567 1458 5618 vel
1474 5565 1530 5618 loco
1547 5575 1610 5612 serv.
1625 5561 1671 5624 Li,
1689 5557 1825 5608 liberorum
1841 5557 1882 5610 rel

217 5641 275 5686 aunt
294 5639 338 5690 Τ1.
390 5643 423 5704 (9)
442 5663 475 5684 =
493 5637 537 5690 Ti.
554 5639 578 5702 5,
592 5647 613 5700 5,
628 5647 641 5690 2
659 5639 784 5692 Sirmond.
802 5647 840 5692 ms
858 5641 993 5704 iungant,
1004 5645 1025 5686 11
1075 5629 1339 5698 lacedemonii)
1363 5629 1584 5702 ingenuorumvel
1607 5623 1881 5690 nauseantium

218 5707 261 5770 (1ο)
278 5705 363 5758 labore
383 5709 426 5758 Τ1.
446 5707 519 5758 Sirm.
594 5705 637 5772 (11)
655 5707 692 5758 sic
712 5707 755 5758 Τ1.
774 5705 907 5770 Sirmcnd,
924 5703 1026 5754 aedibus
1074 5699 1241 5764 ingenuorum
1256 5703 1326 5756 addit
1339 5705 1388 5768 Ro)
1408 5701 1484 5754 iiiiii
1534 5699 1582 5762 (21)
1596 5695 1699 5748 concedi
1713 5697 1809 5762 scripsi,
1822 5709 1880 5748 con-

218 5773 276 5824 libn'
359 5777 405 5840 (12)
426 5777 524 5828 serrata
550 5773 593 5824 Τ1.
614 5773 688 5826 Sirm.
774 5773 820 5840 (ra)
842 5773 952 5836 ambigat
980 5769 1026 5822 Τ1.
1074 5765 1179 5846 1111111111
1196 5769 1228 5832 li,
1245 5771 1410 5824 concedendis
1424 5767 1474 5822 LO
1520 5767 1568 5830 (11)
1586 5767 1621 5818 ric
1636 5765 1692 5830 hii,
1708 5767 1805 5816 incerto
1822 5779 1880 5816 cou-

218 5839 339 5894 Sirmcnd.
383 5847 426 5910 (11)
444 5843 677 5904 damtunam,
692 5841 890 5908 perveniatlihri
930 5839 976 5904 (io)
989 5839 1026 5890 ric
1073 5835 1208 5890 sutona

267 5925 292 5968 li.
1645 5921 1678 5972 tt
