4258 6258
250 391 276 444 s1
298 363 449 432 snoombo
471 367 630 418 morsuum
650 369 777 420 mucrore

249 537 411 612 matrimonio
435 533 504 590 natis
528 543 589 604 post
613 539 743 594 secundas
766 541 822 594 cius
841 537 948 608 nuptias
967 537 1000 592 ad
1019 553 1050 590 ea

249 605 434 680 conservanda,
452 619 520 672 quae
539 621 677 660 excomm
690 615 774 662 matre
788 609 907 662 lucratus
923 611 971 670 est,
987 621 1049 672 sup·

249 691 315 752 gp)
349 673 436 750 posita
458 687 524 726 esse.
565 675 638 732 Illius
662 677 741 732 etiam
764 675 856 744 patris,
884 675 928 742 qui
952 675 978 726 in
1001 689 1051 728 sua

250 753 378 830 potestate
395 741 492 794 talem¹
514 741 626 796 liberum
648 747 690 798 vel
712 745 810 798 liberos
834 741 935 796 babens
954 747 1050 796 mater-

249 837 308 882 nam
333 813 371 870 eis
398 809 574 864 substantiam
593 813 632 864 vel
659 827 691 864 ex
714 817 834 864 materna
856 811 927 864 linea
949 809 982 864 ad
1005 825 1054 876 eos

250 885 393 948 devolutam
421 891 525 930 servare
551 879 731 948 compellitur,
759 879 843 932 isdem
865 879 956 932 liberis
980 879 1050 932 bona

249 951 382 1026 supposita
409 959 466 998 esse
493 945 527 998 ad
559 945 752 1000 conservandas
780 945 885 1000 easdem
916 951 1049 1000 maternas

249 1043 288 1086 ros
307 1013 481 1076 decernimus:
500 1011 537 1066 ita
552 1019 648 1080 tamen,
668 1019 698 1068 ut
713 1013 854 1068 occasione
865 1013 956 1068 talium
966 1015 1049 1084 hypo·

248 1099 381 1152 thecatum
398 1095 483 1148 neque
501 1081 585 1148 patris
602 1095 689 1148 noque
707 1081 798 1134 matris
817 1081 864 1134 filii
878 1081 985 1136 valcant
1002 1083 1048 1136 ad-

248 1149 462 1222 ministrationem
484 1149 647 1216 perscrutari
671 1149 711 1202 νε]
740 1149 855 1218 aliquam
878 1151 916 1204 eis
944 1167 1048 1206 movere

248 1239 324 1298 super
350 1221 400 1272 hoc
433 1217 627 1284 quaestionem,
661 1233 720 1270 eum
747 1217 882 1286 perspicui
914 1219 979 1272 iuris
1005 1219 1047 1286 sit,

248 1289 347 1356 etiamsi
371 1285 486 1340 alienata
509 1283 562 1338 sint
587 1299 677 1338 eorum
701 1285 785 1350 bona,
810 1301 878 1354 qaae
901 1293 976 1340 extra
992 1303 1047 1342 me·

248 1361 347 1424 morata
364 1355 438 1410 lucra
456 1351 496 1406 vel
514 1357 647 1406 maternas
666 1367 708 1406 res
727 1359 797 1416 emit,
820 1355 861 1408 ius
882 1355 1047 1426 hypothecae

246 1437 373 1498 integrum
395 1421 480 1476 isdem
503 1435 610 1474 manere
633 1419 704 1476 liliis.
746 1421 777 1476 n.
800 1437 840 1476 rrr
860 1423 895 1476 id.
915 1425 978 1478 ileo.
1003 1425 1046 1478 rtn.

248 1495 395 1560 lrrsrtniano
413 1487 445 1542 Α.
465 1503 581 1544 racana.
935 1497 968 1558 [a.
989 1497 1046 1558 523]

278 1565 296 1626 9
315 1559 389 1616 Idem
407 1557 437 1612 A.
456 1553 554 1610 Menae
566 1573 616 1626 pp.
653 1555 781 1622 Quoniam
800 1561 959 1626 praeteritae
977 1561 1047 1628 leges

248 1631 341 1696 omnia,
364 1639 432 1694 quae
449 1623 537 1676 liberis
557 1639 588 1676 ex
608 1623 696 1692 priam
716 1627 882 1682 matrimonio
901 1629 1046 1698 procreatis

246 1701 336 1760 mulier
354 1691 456 1764 quidem
476 1691 591 1746 secundo
610 1693 719 1762 marito,
743 1695 783 1746 vir
804 1701 891 1750 autern
909 1697 987 1752 uxori
1004 1713 1045 1752 se-

247 1767 344 1830 cundae
362 1761 431 1816 dotis
449 1761 490 1814 νε]
507 1765 569 1812 ante
587 1761 693 1830 nuptias
713 1761 864 1818 donationis
882 1765 984 1818 nomine
1003 1765 1047 1818 rel

245 1841 294 1896 alio
312 1845 477 1910 quocumque
494 1827 571 1882 modo
593 1827 695 1882 dederit
709 1831 748 1884 νε]
766 1831 903 1900 reliquerit
918 1833 1045 1902 ampliora

246 1909 292 1970 his,
311 1915 375 1970 quae
393 1913 440 1950 um
456 1895 510 1950 filio
530 1895 571 1950 vel
589 1895 659 1950 filiae
677 1913 709 1950 ex
728 1899 861 1952 anteriore
878 1899 1045 1954 matrimonio

245 1967 383 2046 progenitis
410 1963 496 2018 danda
514 1965 555 2016 vel
579 1965 751 2034 relinquenda
770 1969 844 2034 sunt,
870 1971 994 2022 revocata
1012 1967 1044 2022 ad

245 2043 312 2100 solos
338 2035 405 2090 filios
432 2047 464 2086 ex
490 2031 579 2100 priore
607 2033 772 2088 matrimonio
803 2037 881 2088 natos
908 2035 1044 2104 pervenire

245 2103 436 2166 constituerunt
453 2101 579 2168 nullaque
602 2099 628 2154 in
651 2101 703 2154 bac
725 2107 801 2170 parte
819 2103 934 2156 liliorum
953 2117 984 2156 ex
1003 2119 1043 2156 se-

245 2175 326 2234 cundo
353 2167 519 2226 matrimonio
547 2173 669 2222 natorum
692 2171 789 2224 arentia
815 2169 888 2226 facta
912 2173 965 2238 est,
992 2171 1044 2226 hoc

244 2257 344 2316 quoqne
363 2237 523 2304 corrigentes
542 2235 629 2290 omnia
647 2253 716 2304 quae
733 2243 879 2292 memorato
902 2237 980 2294 modo
1003 2253 1044 2292 re-

244 2313 369 2370 vocantur
386 2321 439 2358 nou
458 2304 543 2359 solum
561 2305 595 2358 ad
612 2303 681 2358 filios
699 2307 795 2374 prioris
812 2307 980 2370 matrimonii,
998 2307 1044 2362 sed

245 2381 318 2438 etiam
341 2375 375 2430 ad
398 2389 443 2428 eos
468 2373 513 2440 qui
536 2387 568 2426 ex
592 2373 715 2428 secundis
744 2373 844 2442 nuptiis
867 2375 922 2428 uati
947 2375 1044 2430 fuerint

243 2445 370 2520 pertinere
395 2447 421 2494 et
443 2441 471 2494 in
494 2439 582 2508 capita
604 2441 672 2496 inter
691 2457 780 2496 omnes
799 2443 939 2496 diuidenda
957 2443 1043 2498 sanci-

246 2525 255 2572 1
290 2529 355 2568 mus.
391 2509 433 2562 Ad
451 2509 518 2562 haec
536 2511 624 2576 lucra,
650 2525 717 2578 quae
740 2511 835 2566 marito
854 2511 894 2566 rel
916 2511 993 2566 uxori
1011 2527 1043 2564 ex

244 2587 301 2640 dote
323 2581 364 2634 vel
387 2583 449 2632 ante
471 2577 578 2646 nuptias
605 2577 747 2632 donatione
774 2579 914 2634 occasione
940 2579 1044 2648 repudii

244 2649 381 2714 accedunt,
407 2645 558 2700 indistincto
581 2649 644 2714 post
667 2645 797 2700 secundas
823 2663 912 2702 eorum
935 2649 1041 2718 nuptias

243 2717 327 2774 liberm
352 2731 384 2770 ex
408 2713 495 2782 priore
520 2713 641 2768 coriario
664 2715 811 2782 procreatis
834 2715 869 2770 ad
894 2715 1041 2770 similitudi·

242 2803 298 2842 nem
314 2781 475 2838 matrimonii
491 2785 576 2836 morte
595 2757 717 2836 dissoluti
730 2783 830 2838 serrari
845 2799 894 2838 nec
906 2785 938 2840 de
954 2789 1041 2838 cetero

242 2853 340 2924 repudii
364 2865 471 2904 causam
493 2849 593 2916 requiri
617 2851 658 2904 νε]
680 2851 759 2904 aliam
782 2851 810 2904 in
829 2865 860 2904 ea
878 2869 906 2906 re
926 2853 1040 2920 exquisi-

242 2925 334 2976 tionem
356 2917 422 2974 fieri.
467 2915 498 2970 D.
524 2917 573 2970 iel.2
594 2919 680 2990 April.
699 2917 935 2994 Constantinopoli
957 2919 1040 2976 Beoio

241 3007 275 3048 rc.
294 3005 365 3044 sarrs.
929 2991 963 3052 [a.
981 2991 1039 3054 529]

272 3055 310 3114 10
337 3055 412 3110 idem
437 3053 468 3108 A.
493 3051 667 3108 Demostheni
686 3071 738 3126 pp.
783 3053 848 3108 Oura
875 3055 1041 3124 apertissime

239 3127 337 3194 legibus
362 3123 468 3178 cavetur
491 3121 609 3190 ingratos
632 3121 728 3174 liberos
752 3123 914 3178 amalorum
933 3139 1039 3178 suorum

240 3193 381 3248 hereditate
404 3189 497 3244 merito
521 3203 580 3242 esse
603 3189 784 3258 repellendos,
810 3191 832 3246 si
855 3191 907 3246 hoc
926 3189 996 3246 idem
1013 3191 1039 3246 in

239 3261 290 3318 auis
313 3259 403 3328 elogiis
428 3255 635 3324 conscripserint
656 3263 682 3312 et
704 3273 733 3312 re
756 3273 818 3312 vera
841 3259 923 3314 luerit
940 3259 1038 3312 reuela-

238 3335 304 3394 tum‚
328 3327 472 3382 reclamare
495 3325 597 3380 videtur
620 3325 773 3380 huiusmodi
796 3327 928 3382 sanctioni
946 3327 1038 3382 divalis

240 3395 390 3452 constitutio
405 3393 501 3448 Leonis
517 3392 624 3448 inclitae
644 3393 843 3462 recordatiouis,
862 3411 940 3464 quam
959 3411 1038 3464 super

238 3465 296 3518 filiis
320 3479 351 3518 ex
374 3461 463 3532 priore
485 3459 653 3516 matrimonio
675 3463 822 3532 procreatis
852 3465 1010 3532 conseripsit
1019 3465 1037 3516 ³.

239 3537 249 3588 1
284 3531 351 3586 Nam
376 3547 435 3584 cum
458 3529 603 3584 necessitas
629 3535 668 3584 est
691 3531 761 3600 patri
778 3531 818 3584 vel
835 3531 922 3598 matri,
941 3531 985 3600 qui
1004 3531 1037 3586 ad

237 3601 351 3654 secunda
376 3603 438 3652 vota
462 3597 653 3666 migraverunt,
686 3603 790 3652 tantum
821 3605 957 3668 praestare
989 3615 1038 3666 per

238 3681 423 3736 quamcumque
448 3681 555 3720 causam
579 3665 695 3720 secundo
722 3665 816 3720 marito
842 3669 884 3720 νε]
908 3681 1037 3722 novercae

238 3739 360 3804 quantum
384 3735 438 3788 lilio
456 3735 497 3788 νε]
521 3733 590 3786 filiae
613 3749 645 3788 ex
662 3733 840 3788 anterioribus
858 3735 957 3804 nuptiis
976 3751 1036 3804 pro-

236 3803 327 3870 genitis
345 3801 389 3872 qui
405 3807 509 3870 partem
526 3801 658 3856 minimam
677 3801 817 3858 habiturus
835 3807 876 3858 est
893 3801 1036 3870 reliquerit,

236 3873 345 3924 maxima
368 3869 495 3938 iniquitas
519 3885 550 3924 ex
569 3869 618 3924 bac
638 3869 775 3924 sanctone
794 3873 888 3924 contra
904 3871 1037 3938 genitores

237 3941 250 3992 2
285 3939 457 3994 efficiebatur.
493 3937 584 3992 Liberi
602 3937 698 3992 etenim
717 3939 839 4002 scientes,
864 3939 935 4008 quod
953 3939 1035 3992 omni-

236 4007 309 4062 modo
333 4007 369 4062 ali
387 4005 432 4060 uid
456 4005 507 4063 sibi
530 4021 546 4060 a
569 4005 732 4074 genitoribus
757 4005 811 4060 suis
836 4011 862 4060 et
886 4005 1035 4060 nolentibus

235 4025 431 4146 relnquenilum
444 4079 492 4140 est,
513 4079 540 4128 et
557 4079 667 4140 tantum,
684 4079 813 4142 quantum
831 4073 963 4128 secundus
980 4089 1035 4128 ma-

236 4141 299 4196 ritus
323 4145 363 4198 νε]
386 4157 500 4198 nouerca
524 4143 670 4212 acceperit,
696 4157 755 4196 cum
782 4141 854 4196 omni
877 4143 986 4196 licentia
1009 4143 1037 4194 et

236 4213 249 4262 3
281 4211 388 4266 lascivia
406 4227 468 4266 suos
485 4209 618 4278 genitores
635 4211 738 4266 iniuriis
758 4209 928 4264 adliciebant.
965 4209 1034 4278 Qua·

234 4283 339 4396 propter
357 4279 489 4334 sancimus
508 4279 627 4346 ingratos
644 4295 673 4332 re
689 4293 750 4332 vera
764 4279 863 4334 liberos
881 4293 966 4348 neque
983 4279 1035 4332 boc

251 4347 394 4414 edeficium,
413 4347 483 4416 quod
502 4347 592 4400 divalis
612 4347 766 4402 constitutio
786 4347 882 4400 Leonis
906 4351 1035 4414 augustae

234 4415 369 4470 memoriae
389 4415 426 4468 eis
444 4413 585 4482 praestitit,
603 4415 631 4468 iu
644 4419 779 4482 posterum
793 4429 871 4482 posse
887 4415 938 4468 sibi
951 4413 1034 4468 vindi·

235 4491 305 4548 care,
330 4485 375 4538 sed
399 4483 474 4552 quasi
497 4481 615 4550 ingratos
638 4483 672 4536 ab
696 4481 768 4536 omni
791 4483 942 4536 huiusmodi
959 4483 1034 4536 lucro

233 4551 247 4598 4
285 4551 384 4620 repelli.
424 4551 509 4620 Quam
533 4551 743 4606 observationem
764 4551 792 4604 in
816 4551 938 4620 personis
956 4551 1034 4604 etiam

228 4615 273 4668 avi
292 4623 319 4672 et
341 4619 428 4684 ariae,
452 4619 545 4688 proavi
563 4623 588 4672 et
605 4617 744 4688 proaviae,
766 4625 891 4688 nepotum
911 4617 951 4672 νε]
968 4633 1032 4686 nep-

233 4683 297 4750 tum,
319 4687 381 4740 item
404 4689 580 4756 pronepotum
598 4691 625 4740 et
641 4689 814 4756 proneptem,
839 4687 894 4740 sive
914 4687 941 4740 in
958 4689 1032 4754 pote·

232 4751 298 4806 state
315 4755 369 4810 sive
388 4755 545 4824 emancipati
563 4755 776 4824 emancipataeve
793 4755 853 4818 sint,
873 4769 904 4808 ex
920 4757 1033 4824 paterna

231 4818 269 4871 vel
290 4827 408 4878 materna
440 4823 510 4878 linea
533 4821 697 4878 venientibus
729 4823 856 4878 custodiri
885 4837 1031 4876 censemus.

238 4931 450 4948 Ἦν..-

931 349 1223 460 Λὶψ

1752 359 1778 424 V
1800 361 1896 424 9wli

1102 543 1115 590 5
1146 537 1209 618 ‘Sed
1234 541 1451 608 quemadmodum
1476 543 1638 612 genitoribus
1664 543 1837 614 providimus,
1865 543 1902 598 ita

1102 609 1128 660 et
1145 621 1287 664 mnocuam
1303 615 1485 680 posteritatem
1508 613 1586 670 nullis
1605 615 1684 670 adfici
1706 613 1809 670 iniuriis
1833 613 1901 680 pati-

1100 689 1166 742 mur,
1184 681 1214 732 ut
1231 693 1284 732 non
1301 681 1443 748 genitores,
1462 681 1506 750 qui
1523 699 1582 738 sese
1601 683 1722 740 secundis
1741 681 1841 750 nuptiis
1857 681 1902 734 de-

1101 751 1235 824 voverunt,
1253 747 1439 826 inratiqnabile
1456 749 1544 804 odium
1562 753 1596 806 ad
1613 753 1713 822 priores
1732 753 1830 806 liberos
1847 747 1902 804 ior-

1101 815 1170 864 srtan
1185 813 1313 870 habentes
1331 829 1388 868 stne
1405 815 1476 870 iusta
1490 817 1594 874 ratione
1613 837 1657 876 eos
1676 823 1794 890 ingratos
1808 831 1903 874 vocare

1101 883 1116 932 6
1145 883 1333 936 concedantur.
1360 881 1414 936 Eos
1434 885 1529 938 etenim
1547 887 1644 944 liberos
1660 889 1810 946 huiusmodi
1824 889 1902 944 bene·

1100 945 1161 1002 ficio
1189 947 1342 1004 defraudari
1366 949 1499 1018 volumus,
1524 955 1620 1020 quire
1642 957 1701 1026 ipsa
1718 959 1813 1026 ingrati
1832 955 1902 1012 eirca

1101 1031 1175 1098 suam
1200 1017 1383 1086 antiquitatem
1406 1017 1439 1098 ab
1463 1017 1605 1076 heredibus
1625 1025 1772 1092 genitorum
1796 1023 1902 1094 liquidis

1100 1089 1126 1136 et
1139 1085 1294 1140 rudubitatis
1310 1085 1515 1154 probatronibus
1532 1089 1644 1146 convicti
1657 1091 1756 1148 luerint
1769 1109 1801 1148 ex
1810 1095 1901 1148 buius-

1100 1153 1170 1206 modi
1181 1153 1294 1218 casibus,
1307 1153 1350 1220 qui
1361 1157 1440 1206 autea
1449 1153 1543 1220 priscis
1556 1155 1656 1224 legibus
1670 1163 1816 1218 enumerati
1830 1165 1901 1218 sunt.

1100 1219 1132 1274 ll.
1152 1235 1193 1272 nr
1209 1219 1235 1274 lr.
1256 1221 1311 1276 Oct.
1332 1219 1498 1274 Clraleerlone
1516 1221 1600 1278 Deoia
1619 1243 1655 1280 oo.
1675 1245 1746 1284 cruris.
1789 1237 1824 1296 [a.
1843 1233 1900 1294 529]

1136 1285 1248 1346 11-18
1275 1289 1284 1320 ⁴
1286 1329 1900 1352 .........................

1483 1497 1509 1554 Χ

1098 1593 1128 1644 Sl
1151 1593 1306 1644 SECUNDO
1325 1593 1491 1644 NUPSERIT
1509 1595 1649 1658 MULIER,
1674 1597 1731 1648 ont
1754 1601 1901 1654 MARITUS

1248 1659 1339 1710 nsum
1358 1661 1518 1712 FRUOTUM
1536 1663 1754 1720 RELIQUERIT.

1134 1759 1146 1816 l
1170 1759 1278 1882 Inppp.
1304 1759 1509 1816 Valentinianus
1535 1761 1700 1818 Theodosius
1723 1771 1749 1818 et
1767 1767 1900 1824 Arcadius

1097 1827 1176 1884 ΑΑΑ.
1218 1833 1311 1884 nirano
1323 1843 1374 1900 pp.
1410 1829 1437 1884 St
1455 1845 1533 1884 usum
1551 1831 1668 1886 fructum
1684 1833 1794 1888 maritus
1812 1851 1899 1890 rerum

1097 1911 1205 1952 suarum
1223 1897 1352 1950 decedens
1371 1897 1448 1952 uxori
1471 1899 1607 1968 reliquerit
1625 1917 1708 1968 eaque
1725 1901 1752 1954 in
1770 1903 1899 1956 secundas

1096 1965 1204 2032 nuptias
1232 1965 1446 2034 consortiumque
1474 1969 1637 2034 convenerit,
1670 1983 1748 2022 usum
1773 1971 1898 2036 fructum,

1096 2047 1173 2102 quem
1191 2049 1223 2086 ex
1241 2033 1328 2100 priore
1346 2035 1440 2088 marito
1459 2041 1603 2090 consecuta
1620 2037 1713 2102 tuerit,
1736 2037 1841 2092 amittat
1875 2041 1897 2092 t·

1096 2115 1147 2170 que
1169 2115 1227 2154 euro
1245 2101 1307 2180 liliis
1330 2117 1362 2154 ex
1379 2101 1421 2156 die
1439 2119 1491 2172 quo
1509 2105 1629 2172 nupserit
1645 2109 1749 2160 mature
1765 2105 1896 2160 restituat.

1098 2175 1107 2222 t
1146 2169 1222 2234 Quod
1245 2185 1267 2222 ar
1289 2169 1384 2224 liberos
1404 2185 1437 2224 ox
1455 2171 1542 2238 priore
1559 2173 1726 2228 matrimonio
1745 2175 1833 2228 adbuc
1850 2175 1897 2226 im·

1094 2237 1226 2290 bacillitas
1244 2237 1353 2294 habebit
1376 2237 1503 2292 infantiae
1523 2255 1573 2294 nec
1590 2241 1690 2296 muniet
1707 2241 1804 2296 tutoris
1823 2241 1898 2296 auxi-

1095 2307 1158 2358 lium
1174 2319 1205 2358 ac
1220 2319 1268 2374 per
1282 2305 1433 2360 huiusmodi
1447 2307 1612 2364 occasionem
1625 2313 1711 2364 mater
1727 2325 1794 2377 quae
1805 2311 1899 2364 relicta

1095 2373 1202 2428 fuerant
1216 2373 1391 2442 usurpaverit,
1407 2375 1503 2440 omnia,
1516 2379 1593 2430 cum⁵
1607 2377 1720 2446 legitime
1735 2383 1898 2448 repetantur,

1096 2457 1155 2496 cum
1182 2443 1389 2510 competentibus
1415 2441 1546 2498 fructibus
1570 2445 1605 2498 ad
1629 2445 1758 2514 liquidum
1784 2445 1898 2502 deducta

1095 2515 1109 2562 2
1145 2509 1248 2564 radone
1265 2511 1395 2566 restituet.
1432 2511 1504 2566 Haec
1523 2511 1555 2568 de
1572 2529 1623 2568 usu
1640 2515 1743 2580 fructu,
1763 2531 1840 2584 quem
1857 2515 1898 2568 vir

1095 2581 1238 2658 extrqmam
1262 2579 1424 2634 constituens
1443 2579 1607 2636 voluntatem
1629 2583 1662 2636 de
1685 2583 1764 2636 rebus
1783 2583 1897 2652 propriis

1094 2663 1172 2700 uxorr
1194 2647 1337 2714 reliquerit.
1379 2647 1411 2702 de
1439 2663 1489 2702 usu
1511 2649 1602 2704 fructu
1628 2667 1689 2706 roro
1721 2667 1809 2706 rerum
1836 2655 1897 2706 ante

1093 2715 1200 2782 nuptias
1223 2715 1380 2770 donatarum
1404 2731 1436 2770 aa
1460 2717 1560 2772 servari
1580 2733 1647 2786 quae
1664 2719 1810 2774 anteriores
1836 2735 1897 2772 cou-

1094 2783 1245 2838 stitutioues
1264 2783 1437 2838 decreverunt
1460 2787 1599 2840 sancimus.
1635 2785 1668 2840 D.
1690 2787 1725 2842 iel.
1744 2785 1827 2842 Mart.
1845 2787 1896 2842 Αν-

1094 2851 1172 2906 radio
1190 2851 1221 2904 Α.
1240 2865 1269 2904 rr
1283 2857 1311 2904 et
1326 2849 1426 2922 Rufino
1445 2867 1532 2906 conss.
1783 2861 1817 2920 [a.
1837 2857 1895 2916 392]

1458 3059 1522 3118 XI.⁶

1091 3157 1137 3208 DE
1163 3155 1259 3208 DOTIS
1286 3157 1602 3278 PROMlsqlffiffillL
1628 3159 1722 3210 NUDA
1746 3159 1893 3210 POLLIOI·

1515 3247 1526 3276 2
1565 3265 1569 3276 .

1125 3321 1139 3380 1
1164 3321 1231 3394 Imp.
1250 3325 1408 3380 Alexander
1425 3327 1455 3380 A.
1477 3323 1596 3380 Claudio.
1627 3327 1740 3380 Frustra
1759 3325 1893 3380 existimas

1090 3393 1220 3448 actionem
1247 3393 1296 3448 tibi
1322 3397 1485 3464 competere,
1514 3393 1590 3462 quasi
1616 3395 1746 3462 promissa
1773 3393 1819 3448 dos
1846 3391 1894 3446 tibi

1090 3477 1139 3516 nec
1157 3459 1345 3528 praestiterit,
1370 3477 1429 3516 cum
1447 3477 1532 3530 neque
1550 3465 1651 3530 species
1669 3463 1724 3516 ulla
1742 3477 1791 3516 nec
1810 3477 1892 3530 quan-

1089 3531 1152 3584 titas
1172 3529 1301 3596 promissa
1319 3531 1361 3594 sit,
1379 3529 1427 3584 scd
1445 3531 1575 3584 hactenus
1590 3531 1702 3598 nuptiali
1717 3531 1892 3584 instrumento

1089 3597 1266 3664 adscriptum,
1316 3597 1369 3652 uod
1400 3613 1430 3652 ea
1463 3613 1531 3666 quae
1562 3597 1680 3652 nubebat
1712 3599 1799 3654 dotem
1830 3597 1893 3650 dare

1088 3665 1248 3734 promiserit.
1292 3615 1348 3720 ir.
1374 3663 1400 3720 lt.
1427 3669 1496 3738 einp.
1523 3665 1692 3738 Pompeiano
1725 3673 1752 3722 et
1777 3663 1892 3798 felippqq

1090 3749 1176 3788 conss.
1793 3749 1815 3786 o.

1124 3797 1142 3858 2
1170 3797 1237 3870 Imp.
1267 3799 1420 3854 Gordianus
1446 3801 1476 3856 A,
1505 3801 1653 3856 Herodoto.
1699 3801 1727 3852 st
1755 3817 1804 3868 pro
1831 3801 1891 3854 dotc

1088 3867 1218 3938 promissa
1236 3885 1331 3924 usuras
1350 3869 1413 3922 dare
1430 3885 1507 3924 socer
1524 3873 1586 3924 tuus
1604 3867 1754 3936 spopondit,
1775 3867 1802 3920 id
1820 3865 1891 3936 quod

1088 3935 1179 3992 deberi
1204 3935 1350 3990 ostenderis
1372 3941 1523 4006 competens
1552 3937 1632 3990 iudex
1656 3935 1721 3990 solvi
1742 3937 1791 3990 tibi
1814 3951 1891 4002 prae-

1089 4005 1176 4074 cipiet.
1195 4001 1251 4056 PP.
1262 4017 1308 4056 arr
1318 4003 1344 4056 lr.
1352 4003 1387 4058 Se
1409 4009 1425 4058 t.
1435 4001 1668 4058 PioetPontiano
1680 4017 1766 4056 conse.
1787 4007 1821 4068 [a.
1832 4005 1890 4064 233]

1122 4067 1140 4128 3
1162 4069 1234 4124 letam
1252 4071 1283 4122 Α,
1304 4069 1369 4126 Clau
1388 4071 1422 4124 in.
1459 4071 1494 4136 Si,
1517 4087 1577 4126 cum
1595 4087 1626 4126 ea
1644 4085 1712 4138 quac
1728 4069 1778 4122 tibi
1799 4071 1890 4122 matri-

1087 4139 1174 4194 monio
1199 4139 1324 4206 copulata
1346 4143 1386 4192 est
1403 4137 1527 4206 nuberet,
1550 4139 1572 4194 is
1592 4137 1667 4192 cuius
1685 4137 1827 4192 meministi
1844 4137 1890 4190 do-

1085 4213 1138 4262 tem
1166 4205 1215 4260 tibi
1240 4221 1293 4260 non
1316 4205 1406 4260 addita
1439 4207 1600 4274 quantitate,
1631 4205 1677 4260 sed
1708 4203 1890 4272 quodcumque

1086 4275 1230 4330 arbitratus
1257 4273 1352 4328 fuisset
1373 4289 1422 4342 pro
1448 4287 1479 4326 ea
1502 4273 1626 4326 datarum
1649 4287 1676 4326 se
1700 4273 1750 4326 rite
1768 4273 1891 4342 promisit

1086 4351 1113 4398 et
1128 4341 1302 4410 interpositae
1321 4341 1498 4410 stipulationis
1517 4341 1664 4396 fidemnon
1684 4341 1799 4406 exbibet,
1818 4355 1888 4396 com-

1085 4409 1237 4482 petentibus
1256 4409 1405 4464 actionibus
1423 4425 1487 4464 osus
1506 4407 1541 4464 ad
1559 4407 1711 4478 repromissi
1729 4409 1889 4464 emolumen-

1084 4485 1141 4536 tum
1163 4479 1220 4530 iure
1244 4477 1401 4530 iudiciorum
1423 4477 1575 4558 pervenies:
1601 4477 1705 4530 videtur
1731 4477 1799 4530 enim
1825 4475 1888 4530 boni

1084 4549 1132 4604 riri
1157 4545 1293 4600 arbitrium
1318 4545 1352 4600 sti
1371 4545 1482 4600 alatroui
1505 4545 1632 4602 insertum
1656 4545 1739 4600 asael.
1780 4543 1836 4600 PP.
1862 4545 1887 4600 lc.

1086 4615 1145 4670 Iura.
1165 4611 1266 4668 Sabino
1284 4619 1310 4668 et
1355 4621 1449 4668 enatato
1469 4629 1554 4668 corros.
1775 4617 1808 4678 [a.
1829 4615 1887 4674 249]

1118 4681 1136 4740 4
1156 4681 1243 4804 impp.
1262 4679 1448 4736 Diocletianus
1470 4689 1497 4738 et
1513 4681 1701 4738 Maximianus
1717 4681 1771 4734 An.
1796 4685 1822 4734 ct
1840 4677 1887 4734 CO.

1085 4751 1169 4820 Rufo.
1225 4751 1233 4802 i
1250 4749 1385 4804 voluntate
1403 4749 1539 4806 dotantis⁸
1561 4749 1588 4804 in
1611 4749 1693 4804 dotali
1709 4749 1885 4802 instrumento

1083 4821 1161 4888 plura
1178 4819 1227 4872 tibi
1244 4817 1342 4872 tradita
1360 4817 1491 4888 scripsisti
1510 4833 1586 4888 qaam
1606 4817 1760 4884 suscepisti,
1782 4815 1884 4870 intelle·

1733 4929 1878 4938 .-........„--.-.—...-

232 4987 262 5050 (t)
277 4991 350 5044 talem
362 4995 432 5058 Cliti,
447 4993 540 5046 om.M²'
575 4995 957 5060 (montinantrrnid.sergeri
969 4993 1034 5044 Zeit-
1057 4997 1059 5060 l
1085 4983 1164 5078 κέρδη
1187 4989 1245 5040 τῶν
1271 4983 1351 5040 αὐτοῦ
1381 4983 1489 5040 παίδων
1513 4981 1782 5060 upoceleornoolrrorr
1804 4987 1884 5048 igiter

230 5057 315 5124 schrift
325 5065 372 5130 sair
386 5063 608 5130 Recbtspeschicbte
623 5073 643 5114 u
660 5081 686 5128 p.
702 5073 747 5114 tm.
764 5073 803 5114 132
870 5063 903 5126 (3)
919 5073 960 5112 ab
978 5061 999 5112 l.
1019 5073 1033 5112 t.

231 5121 263 5186 (t)
286 5129 309 5178 in
328 5131 432 5182 Novello
451 5143 462 5182 2
482 5151 501 5182 c.
521 5143 537 5182 1.
557 5141 624 5196 ipr.
644 5131 706 5182 Noe.
727 5141 753 5180 22
779 5151 798 5180 ε.
817 5141 843 5182 45
864 5139 875 5190 i
896 5141 904 5180 1
923 5129 986 5182 Noc.
1006 5139 1032 5182 38

231 5187 485 5250 laudatarlnstiniani
502 5201 644 5262 constitutio,
662 5217 711 5264 pua
729 5201 827 5250 mortuis
846 5199 856 5250 l
861 5199 928 5250 'beris
946 5217 1033 5262 eorum,

231 5259 273 5320 tul
287 5269 403 5316 senariolos
422 5267 519 5332 nuptias
537 5267 640 5328 inierint,
660 5267 728 5318 lucra
743 5265 864 5332 nuptialia
877 5267 969 5332 prioris
983 5283 1032 5316 nra-

231 5327 332 5382 trimonii
355 5335 425 5386 etlam
449 5335 484 5384 acl
507 5343 633 5386 extraneos
658 5337 785 5386 liberorum
804 5337 902 5386 heredes
921 5335 1032 5400 disserun-

231 5399 273 5460 tur,
291 5401 340 5452 nisi
356 5421 385 5454 ea
403 5421 432 5454 er
446 5411 519 5466 pacto
539 5403 562 5452 in
581 5421 661 5454 casum
680 5403 793 5454 orbitatis
804 5405 876 5468 sacto
892 5403 927 5452 ael
939 5419 1031 5466 paren-

230 5467 436 5532 tensamentum
451 5469 596 5534 pertineant.
638 5487 708 5534 quam
728 5471 915 5520 constitutionem
933 5469 1030 5520 undeci-

229 5541 285 5580 mam
305 5535 374 5588 luins
392 5537 456 5588 tituli
466 5537 548 5604 fuisse
566 5537 687 5604 colligitur
700 5555 729 5588 er
741 5539 765 5588 T
763 5537 866 5588 teodori
873 5537 1030 5590 Novellarum

230 5593 354 5664 breviaria,
374 5607 416 5670 qui
433 5607 466 5654 acl
483 5603 547 5656 Noa.
566 5613 591 5652 22
611 5623 629 5652 c.
649 5615 675 5656 45
694 5607 781 5658 laudat
799 5625 817 5656 c.
834 5619 854 5658 3.
870 5617 890 5656 4.
905 5617 925 5658 5.
942 5617 963 5656 lt
980 5607 1001 5656 t.
1014 5615 1029 5654 t.

229 5657 375 5722 iZaclrariae
397 5671 523 5724 Anecdoto
543 5689 568 5736 p.
589 5681 612 5722 tt
630 5695 662 5716 a
681 5673 734 5722 ΒΣ
748 5675 788 5736 22,
808 5685 830 5724 14
855 5675 905 5724 scir.
924 5675 971 5736 31],
996 5673 1031 5722 ad

230 5725 289 5784 Νου.
308 5747 333 5788 m
353 5757 371 5790 ο.
391 5751 415 5790 rr
443 5745 528 5800 §aa
548 5749 567 5790 4.
587 5749 606 5790 u
627 5739 649 5788 1.
669 5749 693 5798 t,
719 5751 740 5790 er
758 5759 786 5790 aa
805 5741 918 5806 Epiruma
936 5745 975 5802 25,
996 5751 1027 5802 rs,

228 5799 269 5846 ubi
285 5815 332 5854 est:
354 5799 369 5856 cl
392 5799 620 5878 deurapopuuioas
642 5801 676 5856 roi
701 5805 728 5854 ἐκ
752 5807 798 5856 roi
818 5801 927 5872 πρώτου
944 5805 1029 5878 γάμου

1085 5079 1128 5108 και
1139 5051 1274 5108 iniunctam
1288 5055 1361 5128 παρὰ
1375 5055 1433 5108 τῶν
1443 5051 1569 5120 ἐχόντων.
1587 5049 1622 5106 ais
1633 5073 1689 5106 rea.
1700 5051 1749 5116 ἔθ’
1766 5055 1820 5118 (eor.
1831 5049 1886 5116 ξη’]

1083 5131 1121 5192 βι.
1145 5119 1172 5174 s'
1197 5123 1242 5176 τοῦ
1266 5121 1330 5176 aot.
1353 5129 1388 5178 al.
1411 5121 1443 5192 β’
1467 5127 1523 5190 (sor.
1542 5119 1587 5188 θ’]
1606 5119 1675 5174 dian.
1698 5115 1738 5172 ια’
1764 5121 1809 5184 (sic
1827 5121 1886 5170 liber

1089 5193 1221 5244 Virtololan.
1241 5203 1252 5244 3
1276 5213 1325 5246 cum
1346 5195 1460 5262 Epitorna
1485 5193 1520 5244 od
1541 5193 1672 5244 Proclriron
1697 5197 1833 5250 mutrttot,
1852 5199 1885 5248 23,

1084 5257 1122 5312 nl'
1144 5261 1203 5310 liber
1225 5261 1357 5312 Vaticanus
1376 5273 1430 5314 2915
1451 5271 1507 5312 teste
1523 5259 1693 5322 Zachariam).
1729 5255 1886 5306 mulcantem

1083 5331 1138 5382 laic
1156 5329 1206 5380 loca
1226 5331 1256 5378 at
1275 5329 1409 5396 Augustino
1428 5331 1527 5380 indicem
1542 5329 1670 5394 Epitamae
1688 5325 1818 5376 restitutum
1837 5341 1886 5372 esse

1083 5399 1107 5448 in
1125 5397 1215 5448 maiora
1233 5397 1335 5448 editione
1349 5401 1476 5462 protatur.
1490 5425 1521 5434 —
1538 5397 1625 5446 Plures
1643 5393 1722 5442 adbuc
1740 5391 1809 5440 iuius
1824 5391 1887 5440 tituli

1083 5463 1262 5514 constitutiones
1283 5467 1422 5516 desiderari
1444 5475 1548 5530 apparet
1571 5481 1599 5514 ea
1616 5461 1668 5508 ΒΣ
1684 5459 1723 5534 lii,
1742 5469 1765 5508 14
1786 5457 1832 5506 sci.
1853 5469 1884 5518 13,

1082 5535 1122 5582 ubi
1147 5531 1261 5582 laudatur
1285 5551 1304 5582 c.
1323 5543 1355 5598 14,
1381 5545 1402 5584 et
1425 5551 1454 5586 ee
1479 5531 1602 5582 Theodoro
1628 5529 1662 5576 ool
1683 5527 1746 5576 Nau.
1765 5533 1791 5574 22
1820 5541 1839 5574 c.
1857 5535 1884 5576 32

1082 5601 1123 5664 (ε
1139 5599 1689 5664 3223111153),1511355555131111
1734 5593 1767 5670 (t)
1786 5607 1841 5640 cum
1859 5591 1884 5658 C,

1082 5685 1125 5718 om.
1146 5665 1170 5714 P
1226 5667 1361 5734 (affluo,
1380 5681 1398 5732 1,
1417 5679 1524 5730 srseqq.
1587 5663 1620 5724 (t)
1637 5661 1710 5712 verba
1728 5659 1826 5708 videtur

1081 5751 1130 5784 ease
1148 5735 1273 5786 secundam
1283 5739 1336 5786 ΒΣ
1351 5757 1366 5788 o
1385 5733 1578 5802 compilatoribus
1591 5729 1677 5778 addita
1692 5737 1748 5778 sunt
1790 5729 1823 5790 (8)
1841 5729 1882 5780 do-

1080 5801 1164 5852 nantis
1174 5813 1196 5852 et
1209 5805 1275 5868 infra
1284 5821 1334 5854 nou
1343 5805 1455 5870 petendis
1467 5801 1524 5868 lapis
1534 5799 1672 5850 Theodorus
1682 5797 1752 5860 (BE)
1763 5805 1847 5850 contro
1857 5799 1883 5850 B

1629 5883 1682 5934 26*
