<?xml version="1.0" encoding="UTF-8"?>
<!DOCTYPE html PUBLIC "-//W3C//DTD XHTML 1.0 Transitional//EN"
    "http://www.w3.org/TR/xhtml1/DTD/xhtml1-transitional.dtd">
<html xmlns="http://www.w3.org/1999/xhtml" xml:lang="en" lang="en">
 <head>
  <title>
</title>
<meta http-equiv="Content-Type" content="text/html;charset=utf-8" />
  <meta name='ocr-system' content='tesseract 3.04.00' />
  <meta name='ocr-capabilities' content='ocr_page ocr_carea ocr_par ocr_line ocrx_word'/>
</head>
<body>
  <div class='ocr_page' id='page_1' title='image "./corpusiuriscivi00kruegoog_0130.png"; bbox 0 0 4276 6276; ppageno 0'>
   <div class='ocr_carea' id='block_1_1' title="bbox 242 371 312 436">
    <p class='ocr_par' dir='ltr' id='par_1_1' title="bbox 242 371 312 436">
     <span class='ocr_line' id='line_1_1' title="bbox 242 371 312 436; baseline -0.014 -1"><span class='ocrx_word' id='word_1_1' title='bbox 242 371 312 436; x_wconf 87' lang='lat'><em>117</em></span> 
     </span>
    </p>
   </div>
   <div class='ocr_carea' id='block_1_2' title="bbox 1040 351 1096 426">
    <p class='ocr_par' dir='ltr' id='par_1_2' title="bbox 1040 351 1096 426">
     <span class='ocr_line' id='line_1_2' title="bbox 1040 351 1096 426; baseline -0.071 -1"><span class='ocrx_word' id='word_1_2' title='bbox 1040 351 1096 426; x_wconf 82' lang='lat' dir='ltr'><em>lou</em></span> 
     </span>
    </p>
   </div>
   <div class='ocr_carea' id='block_1_3' title="bbox 1644 369 1900 420">
    <p class='ocr_par' dir='ltr' id='par_1_3' title="bbox 1644 369 1900 420">
     <span class='ocr_line' id='line_1_3' title="bbox 1644 369 1900 420; baseline -0.008 0"><span class='ocrx_word' id='word_1_3' title='bbox 1644 373 1689 420; x_wconf 84' lang='lat' dir='ltr'><em>Du</em></span> <span class='ocrx_word' id='word_1_4' title='bbox 1710 369 1900 420; x_wconf 74' lang='lat' dir='ltr'><em>ADVOOATIS</em></span> 
     </span>
    </p>
   </div>
   <div class='ocr_carea' id='block_1_4' title="bbox 917 453 1215 466">
    <p class='ocr_par' dir='ltr' id='par_1_4' title="bbox 917 453 1215 466">
     <span class='ocr_line' id='line_1_4' title="bbox 917 453 1215 466; baseline -0.013 0"><span class='ocrx_word' id='word_1_5' title='bbox 917 453 1215 466; x_wconf 58' lang='lat' dir='ltr'><em>mna-——n--n-a-</em></span> 
     </span>
    </p>
   </div>
   <div class='ocr_carea' id='block_1_5' title="bbox 192 535 1048 5020">
    <p class='ocr_par' dir='ltr' id='par_1_5' title="bbox 276 535 1044 690">
     <span class='ocr_line' id='line_1_5' title="bbox 276 535 1044 618; baseline -0.02 -6"><span class='ocrx_word' id='word_1_6' title='bbox 276 549 314 612; x_wconf 73' lang='grc'>28</span> <span class='ocrx_word' id='word_1_7' title='bbox 341 549 446 608; x_wconf 70' lang='lat' dir='ltr'><em>*Obicit</em></span> <span class='ocrx_word' id='word_1_8' title='bbox 467 549 579 618; x_wconf 73' lang='grc' dir='ltr'><strong><em>ἐπιτιμᾷ</em></strong></span> <span class='ocrx_word' id='word_1_9' title='bbox 601 551 655 616; x_wconf 72' lang='grc' dir='ltr'><strong><em>τοῖς</em></strong></span> <span class='ocrx_word' id='word_1_10' title='bbox 677 547 705 600; x_wconf 78' lang='grc' dir='ltr'><em>ἐν</em></span> <span class='ocrx_word' id='word_1_11' title='bbox 723 539 798 608; x_wconf 73' lang='grc' dir='ltr'><strong><em>τάξει</em></strong></span> <span class='ocrx_word' id='word_1_12' title='bbox 815 535 873 600; x_wconf 61' lang='grc' dir='ltr'><strong><em>οὖσι</em></strong></span> <span class='ocrx_word' id='word_1_13' title='bbox 891 539 1044 616; x_wconf 70' lang='grc' dir='ltr'><strong><em>δικολόγοις,</em></strong></span> 
     </span>
     <span class='ocr_line' id='line_1_6' title="bbox 308 613 923 690; baseline -0.016 -16"><span class='ocrx_word' id='word_1_14' title='bbox 308 621 332 674; x_wconf 84' lang='lat' dir='ltr'><em>ei</em></span> <span class='ocrx_word' id='word_1_15' title='bbox 348 621 384 690; x_wconf 85' lang='grc' dir='ltr'><em>μὴ</em></span> <span class='ocrx_word' id='word_1_16' title='bbox 401 617 486 690; x_wconf 82' lang='grc' dir='ltr'><strong><em>μόνον</em></strong></span> <span class='ocrx_word' id='word_1_17' title='bbox 503 613 516 670; x_wconf 81' lang='grc' dir='ltr'>ὁ</span> <span class='ocrx_word' id='word_1_18' title='bbox 534 617 591 670; x_wconf 79' lang='grc' dir='ltr'><em>τῶν</em></span> <span class='ocrx_word' id='word_1_19' title='bbox 608 619 786 688; x_wconf 74' lang='grc' dir='ltr'><strong><em>πραιτωριοιν</em></strong></span> <span class='ocrx_word' id='word_1_20' title='bbox 803 615 923 688; x_wconf 64' lang='grc' dir='ltr'><strong><em>ἔπαρχοι.</em></strong></span> 
     </span>
    </p>

    <p class='ocr_par' dir='ltr' id='par_1_6' title="bbox 278 677 1046 1032">
     <span class='ocr_line' id='line_1_7' title="bbox 278 677 1045 756; baseline -0.017 -11"><span class='ocrx_word' id='word_1_21' title='bbox 278 687 315 748; x_wconf 88' lang='grc'><em>19</em></span> <span class='ocrx_word' id='word_1_22' title='bbox 338 687 426 756; x_wconf 64' lang='lat' dir='ltr'><em>ranan</em></span> <span class='ocrx_word' id='word_1_23' title='bbox 452 681 525 756; x_wconf 80' lang='grc' dir='ltr'><strong><em>παρά</em></strong></span> <span class='ocrx_word' id='word_1_24' title='bbox 550 703 605 738; x_wconf 81' lang='grc' dir='ltr'><strong><em>τινι</em></strong></span> <span class='ocrx_word' id='word_1_25' title='bbox 627 685 684 736; x_wconf 77' lang='grc' dir='ltr'><em>τῶν</em></span> <span class='ocrx_word' id='word_1_26' title='bbox 707 679 848 750; x_wconf 80' lang='grc' dir='ltr'><strong><em>ἀοχόντων</em></strong></span> <span class='ocrx_word' id='word_1_27' title='bbox 874 677 942 750; x_wconf 78' lang='grc' dir='ltr'><em>μήτε</em></span> <span class='ocrx_word' id='word_1_28' title='bbox 972 677 1045 752; x_wconf 79' lang='grc' dir='ltr'><strong><em>παρὰ</em></strong></span> 
     </span>
     <span class='ocr_line' id='line_1_8' title="bbox 308 729 1044 824; baseline -0.014 -14"><span class='ocrx_word' id='word_1_29' title='bbox 308 757 456 822; x_wconf 77' lang='grc' dir='ltr'><strong><em>διαιτηταῖς</em></strong></span> <span class='ocrx_word' id='word_1_30' title='bbox 484 749 531 804; x_wconf 80' lang='lat' dir='ltr'><em>dio</em></span> <span class='ocrx_word' id='word_1_31' title='bbox 558 747 698 824; x_wconf 71' lang='grc' dir='ltr'><strong><em>συνήγοροι</em></strong></span> <span class='ocrx_word' id='word_1_32' title='bbox 725 729 903 816; x_wconf 69' lang='lat' dir='ltr'><em>dcdapba&#39;ncos</em></span> <span class='ocrx_word' id='word_1_33' title='bbox 928 743 1044 816; x_wconf 73' lang='grc' dir='ltr'><strong><em>ἀναβαλ-</em></strong></span> 
     </span>
     <span class='ocr_line' id='line_1_9' title="bbox 308 813 1046 910; baseline -0.009 -33"><span class='ocrx_word' id='word_1_34' title='bbox 308 825 453 878; x_wconf 72' lang='grc' dir='ltr'><strong><em>λέο-θοισαν</em></strong></span> <span class='ocrx_word' id='word_1_35' title='bbox 476 819 525 888; x_wconf 76' lang='grc' dir='ltr'><em>τὴν</em></span> <span class='ocrx_word' id='word_1_36' title='bbox 546 821 594 872; x_wconf 82' lang='grc' dir='ltr'><strong><em>τοῦ</em></strong></span> <span class='ocrx_word' id='word_1_37' title='bbox 620 819 692 910; x_wconf 77' lang='grc' dir='ltr'><em>πρᾶγ</em></span> <span class='ocrx_word' id='word_1_38' title='bbox 713 837 775 872; x_wconf 79' lang='lat' dir='ltr'><em>anos</em></span> <span class='ocrx_word' id='word_1_39' title='bbox 797 823 886 890; x_wconf 79' lang='grc' dir='ltr'><strong><em>κρίσιν</em></strong></span> <span class='ocrx_word' id='word_1_40' title='bbox 913 833 966 888; x_wconf 88' lang='grc' dir='ltr'><strong><em>προ</em></strong></span> <span class='ocrx_word' id='word_1_41' title='bbox 988 813 1046 870; x_wconf 79' lang='lat' dir='ltr'><em>ciacc</em></span> 
     </span>
     <span class='ocr_line' id='line_1_10' title="bbox 306 837 1045 966; baseline -0.008 -22"><span class='ocrx_word' id='word_1_42' title='bbox 306 897 398 966; x_wconf 75' lang='grc' dir='ltr'><strong><em>τρίτον</em></strong></span> <span class='ocrx_word' id='word_1_43' title='bbox 422 885 570 960; x_wconf 76' lang='grc' dir='ltr'><strong><em>δικολόγον,</em></strong></span> <span class='ocrx_word' id='word_1_44' title='bbox 593 883 643 940; x_wconf 81' lang='lat' dir='ltr'><em>citt</em></span> <span class='ocrx_word' id='word_1_45' title='bbox 680 887 874 960; x_wconf 74' lang='lat' dir='ltr'><em>aavnepbe&#39;cors</em></span> <span class='ocrx_word' id='word_1_46' title='bbox 896 881 947 950; x_wconf 78' lang='grc' dir='ltr'><em>τὴν</em></span> <span class='ocrx_word' id='word_1_47' title='bbox 968 837 1045 952; x_wconf 68' lang='lat' dir='ltr'><em>dinan</em></span> 
     </span>
     <span class='ocr_line' id='line_1_11' title="bbox 308 951 795 1032; baseline -0.012 -20"><span class='ocrx_word' id='word_1_48' title='bbox 308 957 531 1032; x_wconf 77' lang='lat' dir='ltr'><em>dinoioyeircoaan</em></span> <span class='ocrx_word' id='word_1_49' title='bbox 547 955 574 1008; x_wconf 89' lang='grc' dir='ltr'><strong><em>οἱ</em></strong></span> <span class='ocrx_word' id='word_1_50' title='bbox 590 951 638 1008; x_wconf 81' lang='lat' dir='ltr'><em>ito</em></span> <span class='ocrx_word' id='word_1_51' title='bbox 656 953 795 1028; x_wconf 73' lang='lat' dir='ltr'><em>scorpiaces.</em></span> 
     </span>
    </p>

    <p class='ocr_par' dir='ltr' id='par_1_7' title="bbox 239 1023 1048 2256">
     <span class='ocr_line' id='line_1_12' title="bbox 242 1023 1045 1098; baseline -0.015 -12"><span class='ocrx_word' id='word_1_52' title='bbox 242 1031 273 1086; x_wconf 85' lang='lat' dir='ltr'><em>I).</em></span> <span class='ocrx_word' id='word_1_53' title='bbox 290 1043 319 1082; x_wconf 85' lang='lat' dir='ltr'><em>vr</em></span> <span class='ocrx_word' id='word_1_54' title='bbox 334 1027 359 1080; x_wconf 82' lang='lat' dir='ltr'><em>Ic.</em></span> <span class='ocrx_word' id='word_1_55' title='bbox 371 1025 429 1080; x_wconf 85' lang='grc' dir='ltr'><strong><em>Ιαιι.</em></strong></span> <span class='ocrx_word' id='word_1_56' title='bbox 452 1023 687 1098; x_wconf 73' lang='lat' dir='ltr'><em>Constantinopoli</em></span> <span class='ocrx_word' id='word_1_57' title='bbox 699 1023 825 1092; x_wconf 74' lang='lat' dir='ltr'><em>Longino</em></span> <span class='ocrx_word' id='word_1_58' title='bbox 841 1035 914 1074; x_wconf 87' lang='lat' dir='ltr'><em>cons.</em></span> <span class='ocrx_word' id='word_1_59' title='bbox 943 1023 976 1084; x_wconf 92' lang='lat' dir='ltr'><em>[a.</em></span> <span class='ocrx_word' id='word_1_60' title='bbox 987 1023 1045 1086; x_wconf 77' lang='grc'>486]</span> 
     </span>
     <span class='ocr_line' id='line_1_13' title="bbox 275 1087 1045 1164; baseline -0.017 -9"><span class='ocrx_word' id='word_1_61' title='bbox 275 1095 315 1154; x_wconf 87' lang='grc'><em>20</em></span> <span class='ocrx_word' id='word_1_62' title='bbox 335 1095 415 1164; x_wconf 75' lang='lat' dir='ltr'>(VIII,</span> <span class='ocrx_word' id='word_1_63' title='bbox 433 1097 456 1160; x_wconf 87' lang='grc'><em>1)</em></span> <span class='ocrx_word' id='word_1_64' title='bbox 476 1091 555 1164; x_wconf 70' lang='grc' dir='ltr'><em>3[νιν.</em></span> <span class='ocrx_word' id='word_1_65' title='bbox 565 1091 726 1148; x_wconf 83' lang='lat' dir='ltr'><em>Anastasius</em></span> <span class='ocrx_word' id='word_1_66' title='bbox 737 1093 768 1144; x_wconf 85' lang='lat' dir='ltr'><em>A.</em></span> <span class='ocrx_word' id='word_1_67' title='bbox 778 1087 896 1144; x_wconf 81' lang='lat' dir='ltr'><em>Ercrebia</em></span> <span class='ocrx_word' id='word_1_68' title='bbox 915 1087 1045 1158; x_wconf 74' lang='lat' dir='ltr'><em>magistro</em></span> 
     </span>
     <span class='ocr_line' id='line_1_14' title="bbox 242 1155 1045 1236; baseline -0.017 -14"><span class='ocrx_word' id='word_1_69' title='bbox 242 1165 405 1236; x_wconf 73' lang='lat' dir='ltr'><em>officioram.</em></span> <span class='ocrx_word' id='word_1_70' title='bbox 446 1161 643 1230; x_wconf 67' lang='lat' dir='ltr'><em>suggestionem</em></span> <span class='ocrx_word' id='word_1_71' title='bbox 667 1159 716 1214; x_wconf 91' lang='lat' dir='ltr'><em>viri</em></span> <span class='ocrx_word' id='word_1_72' title='bbox 737 1157 849 1210; x_wconf 88' lang='lat' dir='ltr'><em>illustris</em></span> <span class='ocrx_word' id='word_1_73' title='bbox 871 1155 974 1208; x_wconf 90' lang='lat' dir='ltr'><em>comitis</em></span> <span class='ocrx_word' id='word_1_74' title='bbox 991 1155 1045 1224; x_wconf 91' lang='lat' dir='ltr'><em>pri-</em></span> 
     </span>
     <span class='ocr_line' id='line_1_15' title="bbox 240 1223 1045 1302; baseline -0.012 -14"><span class='ocrx_word' id='word_1_75' title='bbox 240 1239 360 1290; x_wconf 87' lang='lat' dir='ltr'><em>vatarum</em></span> <span class='ocrx_word' id='word_1_76' title='bbox 382 1235 409 1284; x_wconf 92' lang='lat' dir='ltr'><em>et</em></span> <span class='ocrx_word' id='word_1_77' title='bbox 424 1229 591 1302; x_wconf 80' lang='lat' dir='ltr'><em>proconsulis</em></span> <span class='ocrx_word' id='word_1_78' title='bbox 608 1229 689 1284; x_wconf 88' lang='lat' dir='ltr'><em>Asiae</em></span> <span class='ocrx_word' id='word_1_79' title='bbox 707 1225 829 1280; x_wconf 72' lang='lat' dir='ltr'><em>dammas</em></span> <span class='ocrx_word' id='word_1_80' title='bbox 848 1223 1045 1302; x_wconf 80' lang='lat' dir='ltr'><em>admittendam,</em></span> 
     </span>
     <span class='ocr_line' id='line_1_16' title="bbox 239 1291 1045 1372; baseline -0.016 -16"><span class='ocrx_word' id='word_1_81' title='bbox 239 1317 384 1372; x_wconf 90' lang='lat' dir='ltr'><em>perquam</em></span> <span class='ocrx_word' id='word_1_82' title='bbox 401 1307 508 1354; x_wconf 90' lang='lat' dir='ltr'><em>nostrae</em></span> <span class='ocrx_word' id='word_1_83' title='bbox 526 1295 675 1354; x_wconf 87' lang='lat' dir='ltr'><em>serenitatis</em></span> <span class='ocrx_word' id='word_1_84' title='bbox 694 1293 804 1346; x_wconf 89' lang='lat' dir='ltr'><em>auribus</em></span> <span class='ocrx_word' id='word_1_85' title='bbox 827 1291 957 1346; x_wconf 75' lang='lat' dir='ltr'><em>intonavit</em></span> <span class='ocrx_word' id='word_1_86' title='bbox 978 1291 1045 1344; x_wconf 68' lang='lat' dir='ltr'><em>ieri⁴</em></span> 
     </span>
     <span class='ocr_line' id='line_1_17' title="bbox 241 1361 1044 1430; baseline -0.017 -4"><span class='ocrx_word' id='word_1_87' title='bbox 241 1371 283 1426; x_wconf 87' lang='lat' dir='ltr'><em>sui</em></span> <span class='ocrx_word' id='word_1_88' title='bbox 307 1369 448 1424; x_wconf 88' lang='lat' dir='ltr'><em>advocatos</em></span> <span class='ocrx_word' id='word_1_89' title='bbox 473 1365 603 1422; x_wconf 90' lang='lat' dir='ltr'><em>communi</em></span> <span class='ocrx_word' id='word_1_90' title='bbox 620 1361 753 1430; x_wconf 88' lang='lat' dir='ltr'><em>petitione</em></span> <span class='ocrx_word' id='word_1_91' title='bbox 775 1373 935 1428; x_wconf 90' lang='lat' dir='ltr'><em>magnopere</em></span> <span class='ocrx_word' id='word_1_92' title='bbox 952 1365 1044 1428; x_wconf 90' lang='lat' dir='ltr'><em>postu-</em></span> 
     </span>
     <span class='ocr_line' id='line_1_18' title="bbox 240 1425 1046 1506; baseline -0.015 -14"><span class='ocrx_word' id='word_1_93' title='bbox 240 1439 326 1504; x_wconf 89' lang='lat' dir='ltr'><em>lasse,</em></span> <span class='ocrx_word' id='word_1_94' title='bbox 351 1441 394 1502; x_wconf 88' lang='lat' dir='ltr'><em>ut,</em></span> <span class='ocrx_word' id='word_1_95' title='bbox 420 1443 561 1506; x_wconf 82' lang='lat' dir='ltr'><em>postquam</em></span> <span class='ocrx_word' id='word_1_96' title='bbox 584 1429 764 1486; x_wconf 79' lang='lat' dir='ltr'><em>advocationis</em></span> <span class='ocrx_word' id='word_1_97' title='bbox 789 1425 960 1498; x_wconf 78' lang='lat' dir='ltr'><em>deposuerint</em></span> <span class='ocrx_word' id='word_1_98' title='bbox 987 1427 1046 1482; x_wconf 88' lang='lat' dir='ltr'><em>ciii·</em></span> 
     </span>
     <span class='ocr_line' id='line_1_19' title="bbox 242 1495 1044 1572; baseline -0.015 -12"><span class='ocrx_word' id='word_1_99' title='bbox 242 1507 318 1568; x_wconf 82' lang='lat' dir='ltr'><em>cium,</em></span> <span class='ocrx_word' id='word_1_100' title='bbox 338 1503 464 1572; x_wconf 73' lang='lat' dir='ltr'><em>dignitato</em></span> <span class='ocrx_word' id='word_1_101' title='bbox 482 1503 595 1572; x_wconf 89' lang='lat' dir='ltr'><em>quadam</em></span> <span class='ocrx_word' id='word_1_102' title='bbox 613 1503 705 1554; x_wconf 87' lang='lat' dir='ltr'><em>nostra</em></span> <span class='ocrx_word' id='word_1_103' title='bbox 722 1497 880 1552; x_wconf 89' lang='lat' dir='ltr'><em>liberalitate</em></span> <span class='ocrx_word' id='word_1_104' title='bbox 900 1495 1044 1564; x_wconf 89' lang='lat' dir='ltr'><em>potiantur.</em></span> 
     </span>
     <span class='ocr_line' id='line_1_20' title="bbox 242 1563 1045 1642; baseline -0.012 -16"><span class='ocrx_word' id='word_1_105' title='bbox 242 1581 253 1626; x_wconf 86' lang='grc'>1</span> <span class='ocrx_word' id='word_1_106' title='bbox 282 1573 405 1626; x_wconf 81' lang='lat' dir='ltr'><em>iubemus</em></span> <span class='ocrx_word' id='word_1_107' title='bbox 416 1573 504 1642; x_wconf 86' lang='lat' dir='ltr'><em>itaque</em></span> <span class='ocrx_word' id='word_1_108' title='bbox 513 1575 574 1636; x_wconf 91' lang='lat' dir='ltr'><em>post</em></span> <span class='ocrx_word' id='word_1_109' title='bbox 584 1567 741 1636; x_wconf 88' lang='lat' dir='ltr'><em>depositum,</em></span> <span class='ocrx_word' id='word_1_110' title='bbox 755 1569 786 1620; x_wconf 92' lang='lat' dir='ltr'><em>ut</em></span> <span class='ocrx_word' id='word_1_111' title='bbox 796 1563 895 1620; x_wconf 91' lang='lat' dir='ltr'><em>dictum</em></span> <span class='ocrx_word' id='word_1_112' title='bbox 906 1569 954 1626; x_wconf 89' lang='lat' dir='ltr'><em>eet,</em></span> <span class='ocrx_word' id='word_1_113' title='bbox 968 1577 1045 1632; x_wconf 88' lang='lat' dir='ltr'><em>prae·</em></span> 
     </span>
     <span class='ocr_line' id='line_1_21' title="bbox 239 1631 1045 1704; baseline -0.015 -8"><span class='ocrx_word' id='word_1_114' title='bbox 239 1641 325 1698; x_wconf 83' lang='lat' dir='ltr'><em>iatum</em></span> <span class='ocrx_word' id='word_1_115' title='bbox 347 1641 463 1696; x_wconf 86' lang='lat' dir='ltr'><em>officium</em></span> <span class='ocrx_word' id='word_1_116' title='bbox 485 1649 697 1704; x_wconf 87' lang='lat' dir='ltr'><em>unumquemque</em></span> <span class='ocrx_word' id='word_1_117' title='bbox 721 1647 824 1698; x_wconf 89' lang='lat' dir='ltr'><em>eorum,</em></span> <span class='ocrx_word' id='word_1_118' title='bbox 849 1631 945 1702; x_wconf 90' lang='lat' dir='ltr'><em>quiin</em></span> <span class='ocrx_word' id='word_1_119' title='bbox 968 1647 1045 1698; x_wconf 91' lang='lat' dir='ltr'><em>prae-</em></span> 
     </span>
     <span class='ocr_line' id='line_1_22' title="bbox 242 1701 1047 1776; baseline -0.015 -12"><span class='ocrx_word' id='word_1_120' title='bbox 242 1709 311 1764; x_wconf 89' lang='lat' dir='ltr'><em>senti</em></span> <span class='ocrx_word' id='word_1_121' title='bbox 327 1713 390 1764; x_wconf 71' lang='lat' dir='ltr'><em>stent</em></span> <span class='ocrx_word' id='word_1_122' title='bbox 407 1709 449 1762; x_wconf 89' lang='lat' dir='ltr'><em>vel</em></span> <span class='ocrx_word' id='word_1_123' title='bbox 466 1709 559 1776; x_wconf 89' lang='lat' dir='ltr'><em>postea</em></span> <span class='ocrx_word' id='word_1_124' title='bbox 575 1701 723 1756; x_wconf 88' lang='lat' dir='ltr'><em>matriculis</em></span> <span class='ocrx_word' id='word_1_125' title='bbox 747 1717 839 1756; x_wconf 88' lang='lat' dir='ltr'><em>eornm</em></span> <span class='ocrx_word' id='word_1_126' title='bbox 860 1715 909 1770; x_wconf 90' lang='lat' dir='ltr'><em>pro</em></span> <span class='ocrx_word' id='word_1_127' title='bbox 926 1705 1047 1776; x_wconf 82' lang='lat' dir='ltr'><em>tempore</em></span> 
     </span>
     <span class='ocr_line' id='line_1_23' title="bbox 242 1767 1046 1838; baseline -0.012 -8"><span class='ocrx_word' id='word_1_128' title='bbox 242 1779 339 1832; x_wconf 89' lang='lat' dir='ltr'><em>i&#39;nerint</em></span> <span class='ocrx_word' id='word_1_129' title='bbox 356 1775 456 1838; x_wconf 88' lang='lat' dir='ltr'><em>inserti,</em></span> <span class='ocrx_word' id='word_1_130' title='bbox 479 1771 618 1826; x_wconf 78' lang='lat' dir='ltr'><em>clarissimi</em></span> <span class='ocrx_word' id='word_1_131' title='bbox 634 1769 729 1838; x_wconf 72' lang='lat' dir='ltr'><em>primi5</em></span> <span class='ocrx_word' id='word_1_132' title='bbox 747 1769 847 1822; x_wconf 83' lang='lat' dir='ltr'><em>ordinis</em></span> <span class='ocrx_word' id='word_1_133' title='bbox 866 1767 969 1820; x_wconf 77' lang='lat' dir='ltr'><em>comitis</em></span> <span class='ocrx_word' id='word_1_134' title='bbox 986 1781 1046 1836; x_wconf 89' lang='lat' dir='ltr'><em>per·</em></span> 
     </span>
     <span class='ocr_line' id='line_1_24' title="bbox 241 1835 1047 1912; baseline -0.015 -12"><span class='ocrx_word' id='word_1_135' title='bbox 241 1847 295 1900; x_wconf 84' lang='lat' dir='ltr'><em>hui</em></span> <span class='ocrx_word' id='word_1_136' title='bbox 319 1845 456 1912; x_wconf 88' lang='lat' dir='ltr'><em>dignitate,</em></span> <span class='ocrx_word' id='word_1_137' title='bbox 479 1845 610 1908; x_wconf 91' lang='lat' dir='ltr'><em>quatenus</em></span> <span class='ocrx_word' id='word_1_138' title='bbox 632 1845 658 1892; x_wconf 92' lang='lat' dir='ltr'><em>et</em></span> <span class='ocrx_word' id='word_1_139' title='bbox 679 1843 798 1904; x_wconf 87' lang='lat' dir='ltr'><em>tempore</em></span> <span class='ocrx_word' id='word_1_140' title='bbox 817 1835 912 1906; x_wconf 88' lang='lat' dir='ltr'><em>quietis</em></span> <span class='ocrx_word' id='word_1_141' title='bbox 929 1835 1047 1890; x_wconf 88' lang='lat' dir='ltr'><em>fructum</em></span> 
     </span>
     <span class='ocr_line' id='line_1_25' title="bbox 241 1903 1046 1984; baseline -0.015 -16"><span class='ocrx_word' id='word_1_142' title='bbox 241 1913 444 1984; x_wconf 89' lang='lat' dir='ltr'><em>praetoritorum</em></span> <span class='ocrx_word' id='word_1_143' title='bbox 460 1909 581 1962; x_wconf 90' lang='lat' dir='ltr'><em>laborum</em></span> <span class='ocrx_word' id='word_1_144' title='bbox 599 1911 796 1974; x_wconf 89' lang='lat' dir='ltr'><em>consequantur</em></span> <span class='ocrx_word' id='word_1_145' title='bbox 816 1917 919 1972; x_wconf 85' lang='lat' dir='ltr'><em>proque</em></span> <span class='ocrx_word' id='word_1_146' title='bbox 936 1903 987 1956; x_wconf 93' lang='lat' dir='ltr'><em>fide</em></span> <span class='ocrx_word' id='word_1_147' title='bbox 1005 1905 1046 1956; x_wconf 92' lang='lat' dir='ltr'><em>at·</em></span> 
     </span>
     <span class='ocr_line' id='line_1_26' title="bbox 242 1971 1047 2052; baseline -0.017 -14"><span class='ocrx_word' id='word_1_148' title='bbox 242 1999 292 2052; x_wconf 88' lang='lat' dir='ltr'><em>que</em></span> <span class='ocrx_word' id='word_1_149' title='bbox 309 1979 438 2034; x_wconf 90' lang='lat' dir='ltr'><em>industria</em></span> <span class='ocrx_word' id='word_1_150' title='bbox 456 1991 517 2044; x_wconf 89' lang='lat' dir='ltr'><em>erga</em></span> <span class='ocrx_word' id='word_1_151' title='bbox 535 1977 642 2028; x_wconf 88' lang='lat' dir='ltr'><em>clientes</em></span> <span class='ocrx_word' id='word_1_152' title='bbox 661 1989 723 2028; x_wconf 89' lang='lat' dir='ltr'><em>suos</em></span> <span class='ocrx_word' id='word_1_153' title='bbox 743 1971 917 2040; x_wconf 88' lang='lat' dir='ltr'><em>comprobata</em></span> <span class='ocrx_word' id='word_1_154' title='bbox 928 1971 1047 2040; x_wconf 90' lang='lat' dir='ltr'><em>privatae</em></span> 
     </span>
     <span class='ocr_line' id='line_1_27' title="bbox 242 2039 1045 2108; baseline -0.017 -2"><span class='ocrx_word' id='word_1_155' title='bbox 242 2047 403 2106; x_wconf 89' lang='lat' dir='ltr'><em>condicionis</em></span> <span class='ocrx_word' id='word_1_156' title='bbox 426 2045 561 2100; x_wconf 77' lang='lat' dir='ltr'><em>horminum</em></span> <span class='ocrx_word' id='word_1_157' title='bbox 584 2041 750 2096; x_wconf 85' lang='lat' dir='ltr'><em>multitudine</em></span> <span class='ocrx_word' id='word_1_158' title='bbox 776 2039 908 2108; x_wconf 85' lang='lat' dir='ltr'><em>segregati</em></span> <span class='ocrx_word' id='word_1_159' title='bbox 931 2039 1045 2094; x_wconf 88' lang='lat' dir='ltr'><em>clarissi-</em></span> 
     </span>
     <span class='ocr_line' id='line_1_28' title="bbox 242 2105 1048 2172; baseline -0.016 0"><span class='ocrx_word' id='word_1_160' title='bbox 242 2121 291 2172; x_wconf 87' lang='lat' dir='ltr'><em>mis</em></span> <span class='ocrx_word' id='word_1_161' title='bbox 308 2115 400 2170; x_wconf 90' lang='lat' dir='ltr'><em>merito</em></span> <span class='ocrx_word' id='word_1_162' title='bbox 419 2115 648 2170; x_wconf 85' lang='lat' dir='ltr'><em>connumerentur.</em></span> <span class='ocrx_word' id='word_1_163' title='bbox 689 2109 721 2164; x_wconf 83' lang='lat' dir='ltr'><em>I).</em></span> <span class='ocrx_word' id='word_1_164' title='bbox 741 2123 768 2162; x_wconf 83' lang='lat' dir='ltr'><em>rr</em></span> <span class='ocrx_word' id='word_1_165' title='bbox 789 2107 816 2164; x_wconf 86' lang='lat' dir='ltr'><em>b.</em></span> <span class='ocrx_word' id='word_1_166' title='bbox 835 2109 895 2162; x_wconf 86' lang='lat' dir='ltr'><em>Ion.</em></span> <span class='ocrx_word' id='word_1_167' title='bbox 917 2105 1048 2160; x_wconf 78' lang='lat' dir='ltr'><em>Coriolan-</em></span> 
     </span>
     <span class='ocr_line' id='line_1_29' title="bbox 243 2179 1046 2256; baseline -0.016 -16"><span class='ocrx_word' id='word_1_168' title='bbox 243 2183 357 2256; x_wconf 83' lang='lat' dir='ltr'><em>rinopoli</em></span> <span class='ocrx_word' id='word_1_169' title='bbox 375 2181 520 2238; x_wconf 80' lang='lat' dir='ltr'><em>Aiiartasio</em></span> <span class='ocrx_word' id='word_1_170' title='bbox 538 2181 569 2234; x_wconf 87' lang='lat' dir='ltr'><em>A.</em></span> <span class='ocrx_word' id='word_1_171' title='bbox 589 2195 617 2232; x_wconf 93' lang='lat' dir='ltr'><em>II</em></span> <span class='ocrx_word' id='word_1_172' title='bbox 632 2193 704 2232; x_wconf 80' lang='lat' dir='ltr'><em>oona</em></span> <span class='ocrx_word' id='word_1_173' title='bbox 935 2179 969 2238; x_wconf 89' lang='lat' dir='ltr'><em>[o.</em></span> <span class='ocrx_word' id='word_1_174' title='bbox 987 2179 1046 2238; x_wconf 76' lang='lat'>497]</span> 
     </span>
    </p>

    <p class='ocr_par' dir='ltr' id='par_1_8' title="bbox 192 2241 1047 3136">
     <span class='ocr_line' id='line_1_30' title="bbox 276 2241 1046 2318; baseline -0.019 -8"><span class='ocrx_word' id='word_1_175' title='bbox 276 2251 312 2310; x_wconf 90' lang='grc'><em>21</em></span> <span class='ocrx_word' id='word_1_176' title='bbox 335 2247 375 2318; x_wconf 93' lang='grc'><em>(2)</em></span> <span class='ocrx_word' id='word_1_177' title='bbox 394 2249 480 2304; x_wconf 70' lang='grc' dir='ltr'><em>6,ἶαιιιι</em></span> <span class='ocrx_word' id='word_1_178' title='bbox 497 2247 528 2302; x_wconf 83' lang='grc' dir='ltr'><em>Α.</em></span> <span class='ocrx_word' id='word_1_179' title='bbox 549 2247 665 2302; x_wconf 83' lang='grc' dir='ltr'><strong><em>ΤΙιονιοι</em></strong></span> <span class='ocrx_word' id='word_1_180' title='bbox 696 2263 727 2316; x_wconf 75' lang='lat' dir='ltr'><em>p,</em></span> <span class='ocrx_word' id='word_1_181' title='bbox 740 2261 796 2316; x_wconf 86' lang='lat' dir='ltr'><em>par</em></span> <span class='ocrx_word' id='word_1_182' title='bbox 814 2241 963 2316; x_wconf 81' lang='lat' dir='ltr'><em>Iiipricnon.</em></span> <span class='ocrx_word' id='word_1_183' title='bbox 990 2241 1046 2296; x_wconf 90' lang='lat' dir='ltr'><em>Ad·</em></span> 
     </span>
     <span class='ocr_line' id='line_1_31' title="bbox 243 2263 1047 2388; baseline -0.016 -12"><span class='ocrx_word' id='word_1_184' title='bbox 243 2325 349 2376; x_wconf 87' lang='lat' dir='ltr'><em>rocatos</em></span> <span class='ocrx_word' id='word_1_185' title='bbox 368 2317 543 2388; x_wconf 78' lang='lat' dir='ltr'><em>amplissimae</em></span> <span class='ocrx_word' id='word_1_186' title='bbox 560 2321 623 2370; x_wconf 88' lang='lat' dir='ltr'><em>tuae</em></span> <span class='ocrx_word' id='word_1_187' title='bbox 640 2263 723 2380; x_wconf 73' lang='lat' dir='ltr'><em>seriis,</em></span> <span class='ocrx_word' id='word_1_188' title='bbox 747 2313 793 2382; x_wconf 91' lang='lat' dir='ltr'><em>qui</em></span> <span class='ocrx_word' id='word_1_189' title='bbox 809 2329 858 2382; x_wconf 93' lang='lat' dir='ltr'><em>pro</em></span> <span class='ocrx_word' id='word_1_190' title='bbox 876 2317 995 2380; x_wconf 88' lang='lat' dir='ltr'><em>tempore</em></span> <span class='ocrx_word' id='word_1_191' title='bbox 1013 2311 1047 2364; x_wconf 92' lang='lat' dir='ltr'><em>ad</em></span> 
     </span>
     <span class='ocr_line' id='line_1_32' title="bbox 192 2381 1047 2456; baseline -0.018 -11"><span class='ocrx_word' id='word_1_192' title='bbox 192 2435 193 2438; x_wconf 14' lang='grc' dir='ltr'>η</span> <span class='ocrx_word' id='word_1_193' title='bbox 239 2389 300 2444; x_wconf 88' lang='lat' dir='ltr'><em>fisci</em></span> <span class='ocrx_word' id='word_1_194' title='bbox 324 2387 430 2456; x_wconf 87' lang='lat' dir='ltr'><em>patroni</em></span> <span class='ocrx_word' id='word_1_195' title='bbox 453 2383 564 2454; x_wconf 89' lang='lat' dir='ltr'><em>gradum</em></span> <span class='ocrx_word' id='word_1_196' title='bbox 587 2391 613 2438; x_wconf 87' lang='lat' dir='ltr'><em>et</em></span> <span class='ocrx_word' id='word_1_197' title='bbox 635 2381 752 2438; x_wconf 85' lang='lat' dir='ltr'><em>osticium</em></span> <span class='ocrx_word' id='word_1_198' title='bbox 777 2381 967 2450; x_wconf 87' lang='lat' dir='ltr'><em>provehuntur,</em></span> <span class='ocrx_word' id='word_1_199' title='bbox 993 2395 1047 2432; x_wconf 91' lang='lat' dir='ltr'><em>una</em></span> 
     </span>
     <span class='ocr_line' id='line_1_33' title="bbox 241 2447 1046 2518; baseline -0.017 -4"><span class='ocrx_word' id='word_1_200' title='bbox 241 2473 303 2514; x_wconf 88' lang='lat' dir='ltr'><em>uum</em></span> <span class='ocrx_word' id='word_1_201' title='bbox 328 2455 417 2510; x_wconf 89' lang='lat' dir='ltr'><em>liberis</em></span> <span class='ocrx_word' id='word_1_202' title='bbox 443 2455 497 2508; x_wconf 87' lang='lat' dir='ltr'><em>iam</em></span> <span class='ocrx_word' id='word_1_203' title='bbox 520 2453 590 2506; x_wconf 89' lang='lat' dir='ltr'><em>natis</em></span> <span class='ocrx_word' id='word_1_204' title='bbox 617 2451 658 2506; x_wconf 90' lang='lat' dir='ltr'><em>vel</em></span> <span class='ocrx_word' id='word_1_205' title='bbox 690 2455 783 2518; x_wconf 90' lang='lat' dir='ltr'><em>postea</em></span> <span class='ocrx_word' id='word_1_206' title='bbox 814 2447 985 2516; x_wconf 87' lang='lat' dir='ltr'><em>procreandis</em></span> <span class='ocrx_word' id='word_1_207' title='bbox 1012 2447 1046 2500; x_wconf 91' lang='lat' dir='ltr'><em>ab</em></span> 
     </span>
     <span class='ocr_line' id='line_1_34' title="bbox 241 2515 1047 2582; baseline -0.017 0"><span class='ocrx_word' id='word_1_208' title='bbox 241 2525 313 2582; x_wconf 90' lang='lat' dir='ltr'><em>omni</em></span> <span class='ocrx_word' id='word_1_209' title='bbox 337 2523 478 2578; x_wconf 86' lang='lat' dir='ltr'><em>cohortalis</em></span> <span class='ocrx_word' id='word_1_210' title='bbox 500 2535 547 2574; x_wconf 88' lang='lat' dir='ltr'><em>sen</em></span> <span class='ocrx_word' id='word_1_211' title='bbox 566 2519 708 2574; x_wconf 91' lang='lat' dir='ltr'><em>cuiuslibet</em></span> <span class='ocrx_word' id='word_1_212' title='bbox 728 2517 865 2572; x_wconf 89' lang='lat' dir='ltr'><em>deterioris</em></span> <span class='ocrx_word' id='word_1_213' title='bbox 885 2515 1047 2570; x_wconf 90' lang='lat' dir='ltr'><em>condicionis</em></span> 
     </span>
     <span class='ocr_line' id='line_1_35' title="bbox 242 2583 1046 2654; baseline -0.014 -7"><span class='ocrx_word' id='word_1_214' title='bbox 242 2591 348 2648; x_wconf 81' lang='lat' dir='ltr'><em>vinculo</em></span> <span class='ocrx_word' id='word_1_215' title='bbox 380 2591 505 2644; x_wconf 87' lang='lat' dir='ltr'><em>immunes</em></span> <span class='ocrx_word' id='word_1_216' title='bbox 536 2603 568 2642; x_wconf 90' lang='lat' dir='ltr'><em>ac</em></span> <span class='ocrx_word' id='word_1_217' title='bbox 594 2587 691 2640; x_wconf 88' lang='lat' dir='ltr'><em>liberos</em></span> <span class='ocrx_word' id='word_1_218' title='bbox 717 2601 777 2638; x_wconf 92' lang='lat' dir='ltr'><em>cum</em></span> <span class='ocrx_word' id='word_1_219' title='bbox 808 2583 968 2654; x_wconf 90' lang='lat' dir='ltr'><em>patrimonio</em></span> <span class='ocrx_word' id='word_1_220' title='bbox 998 2599 1046 2636; x_wconf 90' lang='lat' dir='ltr'><em>suo</em></span> 
     </span>
     <span class='ocr_line' id='line_1_36' title="bbox 244 2651 1046 2728; baseline -0.012 -14"><span class='ocrx_word' id='word_1_221' title='bbox 244 2659 393 2716; x_wconf 88' lang='lat' dir='ltr'><em>conservari</em></span> <span class='ocrx_word' id='word_1_222' title='bbox 415 2655 610 2728; x_wconf 85' lang='lat' dir='ltr'><em>praecipimus,¹</em></span> <span class='ocrx_word' id='word_1_223' title='bbox 634 2671 693 2708; x_wconf 88' lang='lat' dir='ltr'><em>oum</em></span> <span class='ocrx_word' id='word_1_224' title='bbox 716 2657 820 2706; x_wconf 87' lang='lat' dir='ltr'><em>constet</em></span> <span class='ocrx_word' id='word_1_225' title='bbox 843 2651 894 2706; x_wconf 89' lang='lat' dir='ltr'><em>hcc</em></span> <span class='ocrx_word' id='word_1_226' title='bbox 916 2651 970 2704; x_wconf 87' lang='lat' dir='ltr'><em>iam</em></span> <span class='ocrx_word' id='word_1_227' title='bbox 992 2651 1046 2720; x_wconf 90' lang='lat' dir='ltr'><em>pri·</em></span> 
     </span>
     <span class='ocr_line' id='line_1_37' title="bbox 243 2719 1047 2802; baseline -0.016 -18"><span class='ocrx_word' id='word_1_228' title='bbox 243 2729 301 2784; x_wconf 89' lang='lat' dir='ltr'><em>dem</em></span> <span class='ocrx_word' id='word_1_229' title='bbox 331 2731 385 2782; x_wconf 90' lang='lat' dir='ltr'><em>tam</em></span> <span class='ocrx_word' id='word_1_230' title='bbox 416 2723 551 2780; x_wconf 87' lang='lat' dir='ltr'><em>advocatis</em></span> <span class='ocrx_word' id='word_1_231' title='bbox 583 2721 760 2790; x_wconf 88' lang='lat' dir='ltr'><em>amplissimae</em></span> <span class='ocrx_word' id='word_1_232' title='bbox 789 2719 974 2802; x_wconf 84' lang='lat' dir='ltr'><em>praetorianae</em></span> <span class='ocrx_word' id='word_1_233' title='bbox 998 2735 1047 2788; x_wconf 90' lang='lat' dir='ltr'><em>per</em></span> 
     </span>
     <span class='ocr_line' id='line_1_38' title="bbox 243 2787 1046 2862; baseline -0.012 -12"><span class='ocrx_word' id='word_1_234' title='bbox 243 2799 375 2862; x_wconf 81' lang='lat' dir='ltr'><em>Orientem</em></span> <span class='ocrx_word' id='word_1_235' title='bbox 400 2811 478 2862; x_wconf 88' lang='lat' dir='ltr'><em>qnam</em></span> <span class='ocrx_word' id='word_1_236' title='bbox 501 2791 655 2858; x_wconf 84' lang='lat' dir='ltr'><em>magnificae</em></span> <span class='ocrx_word' id='word_1_237' title='bbox 683 2789 834 2844; x_wconf 88' lang='lat' dir='ltr'><em>urbicarrae</em></span> <span class='ocrx_word' id='word_1_238' title='bbox 862 2787 1046 2858; x_wconf 86' lang='lat' dir='ltr'><em>praefecturae</em></span> 
     </span>
     <span class='ocr_line' id='line_1_39' title="bbox 243 2855 1046 2920; baseline -0.014 -2"><span class='ocrx_word' id='word_1_239' title='bbox 243 2865 326 2920; x_wconf 77' lang='lat' dir='ltr'><em>seems</em></span> <span class='ocrx_word' id='word_1_240' title='bbox 344 2859 592 2916; x_wconf 79' lang='lat' dir='ltr'><em>constitutionibus⁷</em></span> <span class='ocrx_word' id='word_1_241' title='bbox 611 2873 670 2912; x_wconf 87' lang='lat' dir='ltr'><em>esse</em></span> <span class='ocrx_word' id='word_1_242' title='bbox 684 2857 814 2910; x_wconf 89' lang='lat' dir='ltr'><em>indultum</em></span> <span class='ocrx_word' id='word_1_243' title='bbox 830 2863 857 2910; x_wconf 92' lang='lat' dir='ltr'><em>et</em></span> <span class='ocrx_word' id='word_1_244' title='bbox 870 2871 924 2910; x_wconf 91' lang='lat' dir='ltr'><em>non</em></span> <span class='ocrx_word' id='word_1_245' title='bbox 938 2855 1046 2910; x_wconf 92' lang='lat' dir='ltr'><em>dubium</em></span> 
     </span>
     <span class='ocr_line' id='line_1_40' title="bbox 243 2925 1047 2994; baseline -0.015 -6"><span class='ocrx_word' id='word_1_246' title='bbox 243 2933 351 2988; x_wconf 88' lang='lat' dir='ltr'><em>sitnon</em></span> <span class='ocrx_word' id='word_1_247' title='bbox 374 2931 477 2984; x_wconf 90' lang='lat' dir='ltr'><em>tantum</em></span> <span class='ocrx_word' id='word_1_248' title='bbox 500 2943 558 2994; x_wconf 89' lang='lat' dir='ltr'><em>eas,</em></span> <span class='ocrx_word' id='word_1_249' title='bbox 581 2925 628 2982; x_wconf 87' lang='lat' dir='ltr'><em>sed</em></span> <span class='ocrx_word' id='word_1_250' title='bbox 650 2925 730 2980; x_wconf 91' lang='lat' dir='ltr'><em>etiarn</em></span> <span class='ocrx_word' id='word_1_251' title='bbox 752 2925 955 2980; x_wconf 85' lang='lat' dir='ltr'><em>sublimissimae</em></span> <span class='ocrx_word' id='word_1_252' title='bbox 984 2929 1047 2978; x_wconf 88' lang='lat' dir='ltr'><em>tuae</em></span> 
     </span>
     <span class='ocr_line' id='line_1_41' title="bbox 242 2991 1044 3066; baseline -0.012 -11"><span class='ocrx_word' id='word_1_253' title='bbox 242 3001 312 3054; x_wconf 89' lang='lat' dir='ltr'><em>sedis</em></span> <span class='ocrx_word' id='word_1_254' title='bbox 336 3013 473 3066; x_wconf 86' lang='lat' dir='ltr'><em>germanas</em></span> <span class='ocrx_word' id='word_1_255' title='bbox 501 3009 558 3048; x_wconf 86' lang='lat' dir='ltr'><em>esse</em></span> <span class='ocrx_word' id='word_1_256' title='bbox 583 2997 738 3064; x_wconf 87' lang='lat' dir='ltr'><em>potestates.</em></span> <span class='ocrx_word' id='word_1_257' title='bbox 782 2993 816 3048; x_wconf 78' lang='lat' dir='ltr'><em>It.</em></span> <span class='ocrx_word' id='word_1_258' title='bbox 836 2997 903 3048; x_wconf 64' lang='grc' dir='ltr'><em>ιτιιΒ</em></span> <span class='ocrx_word' id='word_1_259' title='bbox 928 2991 954 3048; x_wconf 77' lang='lat' dir='ltr'><em>tc.</em></span> <span class='ocrx_word' id='word_1_260' title='bbox 982 2991 1044 3046; x_wconf 83' lang='lat' dir='ltr'><em>ilco.</em></span> 
     </span>
     <span class='ocr_line' id='line_1_42' title="bbox 242 3061 1044 3136; baseline -0.01 -14"><span class='ocrx_word' id='word_1_261' title='bbox 242 3067 363 3122; x_wconf 86' lang='lat' dir='ltr'><em>Patricio</em></span> <span class='ocrx_word' id='word_1_262' title='bbox 382 3071 408 3120; x_wconf 87' lang='lat' dir='ltr'><em>ot</em></span> <span class='ocrx_word' id='word_1_263' title='bbox 425 3063 547 3136; x_wconf 69' lang='lat' dir='ltr'><em>Hypatio</em></span> <span class='ocrx_word' id='word_1_264' title='bbox 566 3079 652 3116; x_wconf 84' lang='lat' dir='ltr'><em>conss.</em></span> <span class='ocrx_word' id='word_1_265' title='bbox 932 3061 965 3124; x_wconf 88' lang='lat' dir='ltr'><em>[a.</em></span> <span class='ocrx_word' id='word_1_266' title='bbox 986 3063 1044 3124; x_wconf 80' lang='lat'>500]</span> 
     </span>
    </p>

    <p class='ocr_par' dir='ltr' id='par_1_9' title="bbox 241 3129 1047 5020">
     <span class='ocr_line' id='line_1_43' title="bbox 281 3129 1045 3204; baseline -0.013 -12"><span class='ocrx_word' id='word_1_267' title='bbox 281 3131 321 3192; x_wconf 90' lang='grc'><em>22</em></span> <span class='ocrx_word' id='word_1_268' title='bbox 345 3131 384 3204; x_wconf 85' lang='grc'><em>(3)</em></span> <span class='ocrx_word' id='word_1_269' title='bbox 406 3133 480 3188; x_wconf 80' lang='lat' dir='ltr'><em>Iolcon</em></span> <span class='ocrx_word' id='word_1_270' title='bbox 503 3131 534 3186; x_wconf 85' lang='grc' dir='ltr'><em>Α.</em></span> <span class='ocrx_word' id='word_1_271' title='bbox 560 3129 736 3186; x_wconf 82' lang='lat' dir='ltr'><em>Constantino</em></span> <span class='ocrx_word' id='word_1_272' title='bbox 751 3145 799 3200; x_wconf 88' lang='lat' dir='ltr'><em>pp.</em></span> <span class='ocrx_word' id='word_1_273' title='bbox 836 3129 979 3182; x_wconf 77' lang='lat' dir='ltr'><em>⁹Iubemus</em></span> <span class='ocrx_word' id='word_1_274' title='bbox 997 3145 1045 3196; x_wconf 91' lang='lat' dir='ltr'><em>pro</em></span> 
     </span>
     <span class='ocr_line' id='line_1_44' title="bbox 241 3195 1045 3272; baseline -0.01 -14"><span class='ocrx_word' id='word_1_275' title='bbox 241 3211 359 3272; x_wconf 88' lang='lat' dir='ltr'><em>tempore</em></span> <span class='ocrx_word' id='word_1_276' title='bbox 376 3201 513 3270; x_wconf 89' lang='lat' dir='ltr'><em>primatem</em></span> <span class='ocrx_word' id='word_1_277' title='bbox 530 3197 720 3252; x_wconf 88' lang='lat' dir='ltr'><em>advocatorum</em></span> <span class='ocrx_word' id='word_1_278' title='bbox 737 3195 789 3250; x_wconf 88' lang='lat' dir='ltr'><em>fori</em></span> <span class='ocrx_word' id='word_1_279' title='bbox 801 3195 852 3250; x_wconf 90' lang='lat' dir='ltr'><em>viri</em></span> <span class='ocrx_word' id='word_1_280' title='bbox 869 3195 980 3250; x_wconf 89' lang='lat' dir='ltr'><em>illustris</em></span> <span class='ocrx_word' id='word_1_281' title='bbox 1001 3213 1045 3250; x_wconf 83' lang='lat' dir='ltr'><em>co·</em></span> 
     </span>
     <span class='ocr_line' id='line_1_45' title="bbox 243 3263 1045 3336; baseline -0.011 -11"><span class='ocrx_word' id='word_1_282' title='bbox 243 3273 312 3326; x_wconf 89' lang='lat' dir='ltr'><em>mitis</em></span> <span class='ocrx_word' id='word_1_283' title='bbox 332 3269 445 3324; x_wconf 86' lang='lat' dir='ltr'><em>Orientis</em></span> <span class='ocrx_word' id='word_1_284' title='bbox 468 3283 516 3336; x_wconf 88' lang='lat' dir='ltr'><em>per</em></span> <span class='ocrx_word' id='word_1_285' title='bbox 538 3267 672 3322; x_wconf 86' lang='lat' dir='ltr'><em>biennium</em></span> <span class='ocrx_word' id='word_1_286' title='bbox 694 3263 753 3318; x_wconf 88' lang='lat' dir='ltr'><em>fisci</em></span> <span class='ocrx_word' id='word_1_287' title='bbox 770 3263 877 3332; x_wconf 90' lang='lat' dir='ltr'><em>patroni</em></span> <span class='ocrx_word' id='word_1_288' title='bbox 894 3263 969 3332; x_wconf 85' lang='lat' dir='ltr'><em>iungi</em></span> <span class='ocrx_word' id='word_1_289' title='bbox 986 3263 1045 3318; x_wconf 85' lang='lat' dir='ltr'><em>offi-</em></span> 
     </span>
     <span class='ocr_line' id='line_1_46' title="bbox 243 3333 1047 3400; baseline -0.012 -6"><span class='ocrx_word' id='word_1_290' title='bbox 243 3341 283 3394; x_wconf 90' lang='lat' dir='ltr'><em>cio</em></span> <span class='ocrx_word' id='word_1_291' title='bbox 308 3345 334 3392; x_wconf 92' lang='lat' dir='ltr'><em>et</em></span> <span class='ocrx_word' id='word_1_292' title='bbox 356 3339 453 3392; x_wconf 89' lang='lat' dir='ltr'><em>solacia</em></span> <span class='ocrx_word' id='word_1_293' title='bbox 476 3335 526 3390; x_wconf 89' lang='lat' dir='ltr'><em>sibi</em></span> <span class='ocrx_word' id='word_1_294' title='bbox 550 3335 681 3390; x_wconf 89' lang='lat' dir='ltr'><em>communi</em></span> <span class='ocrx_word' id='word_1_295' title='bbox 704 3347 835 3388; x_wconf 88' lang='lat' dir='ltr'><em>consensu</em></span> <span class='ocrx_word' id='word_1_296' title='bbox 853 3333 981 3400; x_wconf 88' lang='lat' dir='ltr'><em>deputata</em></span> <span class='ocrx_word' id='word_1_297' title='bbox 998 3347 1047 3400; x_wconf 91' lang='lat' dir='ltr'><em>per</em></span> 
     </span>
     <span class='ocr_line' id='line_1_47' title="bbox 242 3403 1045 3470; baseline -0.01 -8"><span class='ocrx_word' id='word_1_298' title='bbox 242 3409 312 3462; x_wconf 88' lang='lat' dir='ltr'><em>idem</em></span> <span class='ocrx_word' id='word_1_299' title='bbox 329 3405 462 3461; x_wconf 86' lang='lat' dir='ltr'><em>biennium</em></span> <span class='ocrx_word' id='word_1_300' title='bbox 479 3403 617 3470; x_wconf 88' lang='lat' dir='ltr'><em>consequi,</em></span> <span class='ocrx_word' id='word_1_301' title='bbox 640 3404 692 3456; x_wconf 93' lang='lat' dir='ltr'><em>hoc</em></span> <span class='ocrx_word' id='word_1_302' title='bbox 709 3415 813 3470; x_wconf 88' lang='lat' dir='ltr'><em>quoque</em></span> <span class='ocrx_word' id='word_1_303' title='bbox 830 3403 966 3454; x_wconf 89' lang='lat' dir='ltr'><em>transacto</em></span> <span class='ocrx_word' id='word_1_304' title='bbox 983 3417 1045 3468; x_wconf 89' lang='lat' dir='ltr'><em>pro-</em></span> 
     </span>
     <span class='ocr_line' id='line_1_48' title="bbox 242 3467 1047 3540; baseline -0.01 -12"><span class='ocrx_word' id='word_1_305' title='bbox 242 3475 384 3530; x_wconf 88' lang='lat' dir='ltr'><em>fessionem</em></span> <span class='ocrx_word' id='word_1_306' title='bbox 401 3471 577 3528; x_wconf 85' lang='lat' dir='ltr'><em>advocationis</em></span> <span class='ocrx_word' id='word_1_307' title='bbox 602 3471 746 3540; x_wconf 89' lang='lat' dir='ltr'><em>deponere:</em></span> <span class='ocrx_word' id='word_1_308' title='bbox 771 3467 907 3522; x_wconf 75' lang='lat' dir='ltr'><em>conscribo</em></span> <span class='ocrx_word' id='word_1_309' title='bbox 924 3467 1047 3522; x_wconf 90' lang='lat' dir='ltr'><em>videlicet</em></span> 
     </span>
     <span class='ocr_line' id='line_1_49' title="bbox 242 3537 1046 3606; baseline -0.012 -8"><span class='ocrx_word' id='word_1_310' title='bbox 242 3543 387 3598; x_wconf 89' lang='lat' dir='ltr'><em>eorundem</em></span> <span class='ocrx_word' id='word_1_311' title='bbox 408 3541 594 3594; x_wconf 88' lang='lat' dir='ltr'><em>advocatorum</em></span> <span class='ocrx_word' id='word_1_312' title='bbox 618 3539 651 3592; x_wconf 91' lang='lat' dir='ltr'><em>ad</em></span> <span class='ocrx_word' id='word_1_313' title='bbox 671 3537 847 3606; x_wconf 87' lang='lat' dir='ltr'><em>quadraginta</em></span> <span class='ocrx_word' id='word_1_314' title='bbox 864 3537 1046 3588; x_wconf 89' lang='lat' dir='ltr'><em>tantummodo</em></span> 
     </span>
     <span class='ocr_line' id='line_1_50' title="bbox 241 3603 1045 3676; baseline -0.01 -12"><span class='ocrx_word' id='word_1_315' title='bbox 241 3613 312 3666; x_wconf 88' lang='lat' dir='ltr'><em>viros</em></span> <span class='ocrx_word' id='word_1_316' title='bbox 329 3609 478 3676; x_wconf 91' lang='lat' dir='ltr'><em>redigendo,</em></span> <span class='ocrx_word' id='word_1_317' title='bbox 502 3607 540 3660; x_wconf 88' lang='lat' dir='ltr'><em>ita</em></span> <span class='ocrx_word' id='word_1_318' title='bbox 557 3611 594 3672; x_wconf 88' lang='lat' dir='ltr'><em>ut,</em></span> <span class='ocrx_word' id='word_1_319' title='bbox 614 3607 637 3660; x_wconf 91' lang='lat' dir='ltr'><em>si</em></span> <span class='ocrx_word' id='word_1_320' title='bbox 654 3605 699 3674; x_wconf 90' lang='lat' dir='ltr'><em>qui</em></span> <span class='ocrx_word' id='word_1_321' title='bbox 716 3603 843 3672; x_wconf 87' lang='lat' dir='ltr'><em>superflui</em></span> <span class='ocrx_word' id='word_1_322' title='bbox 860 3609 923 3658; x_wconf 86' lang='lat' dir='ltr'><em>sunt</em></span> <span class='ocrx_word' id='word_1_323' title='bbox 941 3603 993 3654; x_wconf 91' lang='lat' dir='ltr'><em>iam</em></span> <span class='ocrx_word' id='word_1_324' title='bbox 1010 3603 1045 3656; x_wconf 90' lang='lat' dir='ltr'><em>ei·</em></span> 
     </span>
     <span class='ocr_line' id='line_1_51' title="bbox 242 3669 1045 3738; baseline -0.01 -6"><span class='ocrx_word' id='word_1_325' title='bbox 242 3681 301 3732; x_wconf 92' lang='lat' dir='ltr'><em>dem</em></span> <span class='ocrx_word' id='word_1_326' title='bbox 329 3677 459 3732; x_wconf 89' lang='lat' dir='ltr'><em>consortio</em></span> <span class='ocrx_word' id='word_1_327' title='bbox 487 3673 588 3738; x_wconf 89' lang='lat' dir='ltr'><em>sociati,</em></span> <span class='ocrx_word' id='word_1_328' title='bbox 616 3673 648 3726; x_wconf 93' lang='lat' dir='ltr'><em>de</em></span> <span class='ocrx_word' id='word_1_329' title='bbox 674 3671 855 3726; x_wconf 85' lang='lat' dir='ltr'><em>advocationis</em></span> <span class='ocrx_word' id='word_1_330' title='bbox 882 3669 972 3724; x_wconf 87' lang='lat' dir='ltr'><em>officio</em></span> <span class='ocrx_word' id='word_1_331' title='bbox 998 3671 1045 3724; x_wconf 88' lang='lat' dir='ltr'><em>mi-</em></span> 
     </span>
     <span class='ocr_line' id='line_1_52' title="bbox 242 3737 1045 3810; baseline -0.01 -10"><span class='ocrx_word' id='word_1_332' title='bbox 242 3747 312 3802; x_wconf 88' lang='lat' dir='ltr'><em>nime</em></span> <span class='ocrx_word' id='word_1_333' title='bbox 337 3745 491 3810; x_wconf 82' lang='lat' dir='ltr'><em>reiciantur,</em></span> <span class='ocrx_word' id='word_1_334' title='bbox 518 3741 621 3796; x_wconf 88' lang='lat' dir='ltr'><em>nemine</em></span> <span class='ocrx_word' id='word_1_335' title='bbox 647 3741 699 3794; x_wconf 91' lang='lat' dir='ltr'><em>alio</em></span> <span class='ocrx_word' id='word_1_336' title='bbox 723 3741 759 3794; x_wconf 89' lang='lat' dir='ltr'><em>eis</em></span> <span class='ocrx_word' id='word_1_337' title='bbox 782 3737 934 3804; x_wconf 90' lang='lat' dir='ltr'><em>adiciendo,</em></span> <span class='ocrx_word' id='word_1_338' title='bbox 961 3739 1045 3792; x_wconf 89' lang='lat' dir='ltr'><em>donec</em></span> 
     </span>
     <span class='ocr_line' id='line_1_53' title="bbox 242 3805 1045 3884; baseline -0.011 -15"><span class='ocrx_word' id='word_1_339' title='bbox 242 3813 417 3884; x_wconf 88' lang='lat' dir='ltr'><em>quadraginta</em></span> <span class='ocrx_word' id='word_1_340' title='bbox 433 3813 548 3866; x_wconf 91' lang='lat' dir='ltr'><em>virorum</em></span> <span class='ocrx_word' id='word_1_341' title='bbox 570 3825 709 3864; x_wconf 89' lang='lat' dir='ltr'><em>numerum</em></span> <span class='ocrx_word' id='word_1_342' title='bbox 728 3805 918 3862; x_wconf 89' lang='lat' dir='ltr'><em>advocatorum</em></span> <span class='ocrx_word' id='word_1_343' title='bbox 936 3823 1045 3862; x_wconf 90' lang='lat' dir='ltr'><em>consor-</em></span> 
     </span>
     <span class='ocr_line' id='line_1_54' title="bbox 245 3875 1044 3944; baseline -0.01 -8"><span class='ocrx_word' id='word_1_344' title='bbox 245 3889 255 3936; x_wconf 94' lang='lat'>1</span> <span class='ocrx_word' id='word_1_345' title='bbox 299 3881 366 3934; x_wconf 87' lang='lat' dir='ltr'><em>tium</em></span> <span class='ocrx_word' id='word_1_346' title='bbox 392 3879 517 3934; x_wconf 87' lang='lat' dir='ltr'><em>excedere</em></span> <span class='ocrx_word' id='word_1_347' title='bbox 544 3879 687 3944; x_wconf 86' lang='lat' dir='ltr'><em>contingat.</em></span> <span class='ocrx_word' id='word_1_348' title='bbox 732 3875 774 3930; x_wconf 90' lang='lat' dir='ltr'><em>Ad</em></span> <span class='ocrx_word' id='word_1_349' title='bbox 803 3875 870 3930; x_wconf 90' lang='lat' dir='ltr'><em>haec</em></span> <span class='ocrx_word' id='word_1_350' title='bbox 900 3891 960 3940; x_wconf 90' lang='lat' dir='ltr'><em>eos,</em></span> <span class='ocrx_word' id='word_1_351' title='bbox 992 3875 1044 3944; x_wconf 89' lang='lat' dir='ltr'><em>qui,</em></span> 
     </span>
     <span class='ocr_line' id='line_1_55' title="bbox 242 3943 1044 4020; baseline -0.011 -16"><span class='ocrx_word' id='word_1_352' title='bbox 242 3953 321 4020; x_wconf 89' lang='lat' dir='ltr'><em>prout</em></span> <span class='ocrx_word' id='word_1_353' title='bbox 344 3951 471 4003; x_wconf 90' lang='lat' dir='ltr'><em>statutum</em></span> <span class='ocrx_word' id='word_1_354' title='bbox 493 3949 545 4012; x_wconf 88' lang='lat' dir='ltr'><em>est,</em></span> <span class='ocrx_word' id='word_1_355' title='bbox 575 3945 633 3998; x_wconf 88' lang='lat' dir='ltr'><em>fisci</em></span> <span class='ocrx_word' id='word_1_356' title='bbox 656 3945 764 4014; x_wconf 89' lang='lat' dir='ltr'><em>patroni</em></span> <span class='ocrx_word' id='word_1_357' title='bbox 788 3943 960 4012; x_wconf 89' lang='lat' dir='ltr'><em>deposuerint</em></span> <span class='ocrx_word' id='word_1_358' title='bbox 986 3943 1044 3996; x_wconf 84' lang='lat' dir='ltr'><em>offi-</em></span> 
     </span>
     <span class='ocr_line' id='line_1_56' title="bbox 243 4011 1047 4086; baseline -0.009 -13"><span class='ocrx_word' id='word_1_359' title='bbox 243 4021 325 4084; x_wconf 86' lang='lat' dir='ltr'><em>cium,</em></span> <span class='ocrx_word' id='word_1_360' title='bbox 351 4023 445 4086; x_wconf 86' lang='lat' dir='ltr'><em>postea</em></span> <span class='ocrx_word' id='word_1_361' title='bbox 471 4029 574 4084; x_wconf 90' lang='lat' dir='ltr'><em>quoque</em></span> <span class='ocrx_word' id='word_1_362' title='bbox 599 4029 654 4068; x_wconf 91' lang='lat' dir='ltr'><em>non</em></span> <span class='ocrx_word' id='word_1_363' title='bbox 684 4011 821 4080; x_wconf 88' lang='lat' dir='ltr'><em>prohiberi</em></span> <span class='ocrx_word' id='word_1_364' title='bbox 846 4011 965 4078; x_wconf 88' lang='lat' dir='ltr'><em>singulos</em></span> <span class='ocrx_word' id='word_1_365' title='bbox 992 4015 1047 4066; x_wconf 87' lang='lat' dir='ltr'><em>tam</em></span> 
     </span>
     <span class='ocr_line' id='line_1_57' title="bbox 242 4081 1046 4156; baseline -0.007 -16"><span class='ocrx_word' id='word_1_366' title='bbox 242 4103 290 4156; x_wconf 90' lang='lat' dir='ltr'><em>pro</em></span> <span class='ocrx_word' id='word_1_367' title='bbox 315 4101 344 4140; x_wconf 89' lang='lat' dir='ltr'><em>se</em></span> <span class='ocrx_word' id='word_1_368' title='bbox 367 4101 445 4152; x_wconf 89' lang='lat' dir='ltr'><em>quam</em></span> <span class='ocrx_word' id='word_1_369' title='bbox 466 4099 514 4152; x_wconf 88' lang='lat' dir='ltr'><em>pro</em></span> <span class='ocrx_word' id='word_1_370' title='bbox 535 4081 618 4150; x_wconf 86' lang='lat' dir='ltr'><em>iugali</em></span> <span class='ocrx_word' id='word_1_371' title='bbox 634 4095 684 4134; x_wconf 91' lang='lat' dir='ltr'><em>sua</em></span> <span class='ocrx_word' id='word_1_372' title='bbox 701 4083 729 4134; x_wconf 89' lang='lat' dir='ltr'><em>et</em></span> <span class='ocrx_word' id='word_1_373' title='bbox 746 4095 837 4134; x_wconf 89' lang='lat' dir='ltr'><em>socero</em></span> <span class='ocrx_word' id='word_1_374' title='bbox 857 4083 884 4134; x_wconf 91' lang='lat' dir='ltr'><em>et</em></span> <span class='ocrx_word' id='word_1_375' title='bbox 901 4095 980 4134; x_wconf 90' lang='lat' dir='ltr'><em>socru</em></span> <span class='ocrx_word' id='word_1_376' title='bbox 997 4095 1046 4134; x_wconf 89' lang='lat' dir='ltr'><em>nec</em></span> 
     </span>
     <span class='ocr_line' id='line_1_58' title="bbox 242 4147 1047 4220; baseline -0.012 -12"><span class='ocrx_word' id='word_1_377' title='bbox 242 4173 295 4210; x_wconf 90' lang='lat' dir='ltr'><em>non</em></span> <span class='ocrx_word' id='word_1_378' title='bbox 319 4167 415 4220; x_wconf 90' lang='lat' dir='ltr'><em>genero</em></span> <span class='ocrx_word' id='word_1_379' title='bbox 442 4155 468 4204; x_wconf 90' lang='lat' dir='ltr'><em>et</em></span> <span class='ocrx_word' id='word_1_380' title='bbox 493 4165 562 4202; x_wconf 91' lang='lat' dir='ltr'><em>nuru</em></span> <span class='ocrx_word' id='word_1_381' title='bbox 584 4149 726 4216; x_wconf 86' lang='lat' dir='ltr'><em>liberisque</em></span> <span class='ocrx_word' id='word_1_382' title='bbox 749 4149 877 4216; x_wconf 90' lang='lat' dir='ltr'><em>propriis,</em></span> <span class='ocrx_word' id='word_1_383' title='bbox 902 4147 1002 4202; x_wconf 88' lang='lat' dir='ltr'><em>colonis</em></span> <span class='ocrx_word' id='word_1_384' title='bbox 1020 4153 1047 4200; x_wconf 90' lang='lat' dir='ltr'><em>et</em></span> 
     </span>
     <span class='ocr_line' id='line_1_59' title="bbox 242 4215 1044 4288; baseline -0.015 -10"><span class='ocrx_word' id='word_1_385' title='bbox 242 4221 324 4278; x_wconf 87' lang='lat' dir='ltr'><em>servis</em></span> <span class='ocrx_word' id='word_1_386' title='bbox 341 4219 376 4272; x_wconf 90' lang='lat' dir='ltr'><em>ad</em></span> <span class='ocrx_word' id='word_1_387' title='bbox 393 4235 422 4272; x_wconf 88' lang='lat' dir='ltr'><em>se</em></span> <span class='ocrx_word' id='word_1_388' title='bbox 439 4217 633 4288; x_wconf 89' lang='lat' dir='ltr'><em>pertinentibus</em></span> <span class='ocrx_word' id='word_1_389' title='bbox 650 4215 831 4270; x_wconf 89' lang='lat' dir='ltr'><em>advocationis</em></span> <span class='ocrx_word' id='word_1_390' title='bbox 854 4215 929 4282; x_wconf 87' lang='lat' dir='ltr'><em>iungi</em></span> <span class='ocrx_word' id='word_1_391' title='bbox 947 4215 1044 4268; x_wconf 86' lang='lat' dir='ltr'><em>officio.</em></span> 
     </span>
     <span class='ocr_line' id='line_1_60' title="bbox 242 4283 1044 4346; baseline -0.011 -2"><span class='ocrx_word' id='word_1_392' title='bbox 242 4295 256 4344; x_wconf 84' lang='lat'>2</span> <span class='ocrx_word' id='word_1_393' title='bbox 291 4287 348 4344; x_wconf 86' lang='lat' dir='ltr'><em>Nec</em></span> <span class='ocrx_word' id='word_1_394' title='bbox 366 4287 498 4342; x_wconf 89' lang='lat' dir='ltr'><em>aediculas</em></span> <span class='ocrx_word' id='word_1_395' title='bbox 517 4301 608 4338; x_wconf 88' lang='lat' dir='ltr'><em>eorum</em></span> <span class='ocrx_word' id='word_1_396' title='bbox 629 4287 786 4338; x_wconf 86' lang='lat' dir='ltr'><em>metatorum</em></span> <span class='ocrx_word' id='word_1_397' title='bbox 804 4299 884 4338; x_wconf 90' lang='lat' dir='ltr'><em>onere</em></span> <span class='ocrx_word' id='word_1_398' title='bbox 902 4283 1044 4346; x_wconf 90' lang='lat' dir='ltr'><em>molestari,</em></span> 
     </span>
     <span class='ocr_line' id='line_1_61' title="bbox 242 4351 1046 4420; baseline -0.01 -8"><span class='ocrx_word' id='word_1_399' title='bbox 242 4359 265 4412; x_wconf 88' lang='lat' dir='ltr'><em>si</em></span> <span class='ocrx_word' id='word_1_400' title='bbox 287 4363 375 4410; x_wconf 88' lang='lat' dir='ltr'><em>tamen</em></span> <span class='ocrx_word' id='word_1_401' title='bbox 397 4355 425 4408; x_wconf 91' lang='lat' dir='ltr'><em>in</em></span> <span class='ocrx_word' id='word_1_402' title='bbox 447 4369 501 4408; x_wconf 93' lang='lat' dir='ltr'><em>una</em></span> <span class='ocrx_word' id='word_1_403' title='bbox 523 4353 704 4406; x_wconf 89' lang='lat' dir='ltr'><em>tantummodo</em></span> <span class='ocrx_word' id='word_1_404' title='bbox 729 4367 829 4420; x_wconf 89' lang='lat' dir='ltr'><em>suaque</em></span> <span class='ocrx_word' id='word_1_405' title='bbox 854 4351 930 4404; x_wconf 91' lang='lat' dir='ltr'><em>domo</em></span> <span class='ocrx_word' id='word_1_406' title='bbox 948 4351 1046 4418; x_wconf 83' lang='lat' dir='ltr'><em>singuli</em></span> 
     </span>
     <span class='ocr_line' id='line_1_62' title="bbox 243 4417 1045 4492; baseline -0.007 -14"><span class='ocrx_word' id='word_1_407' title='bbox 243 4431 257 4478; x_wconf 84' lang='lat'>3</span> <span class='ocrx_word' id='word_1_408' title='bbox 284 4425 362 4478; x_wconf 87' lang='lat' dir='ltr'><em>talem</em></span> <span class='ocrx_word' id='word_1_409' title='bbox 380 4421 588 4492; x_wconf 89' lang='lat' dir='ltr'><em>praerogativam</em></span> <span class='ocrx_word' id='word_1_410' title='bbox 606 4421 657 4474; x_wconf 89' lang='lat' dir='ltr'><em>sibi</em></span> <span class='ocrx_word' id='word_1_411' title='bbox 668 4417 801 4474; x_wconf 88' lang='lat' dir='ltr'><em>vindicare</em></span> <span class='ocrx_word' id='word_1_412' title='bbox 815 4419 965 4472; x_wconf 87' lang='lat' dir='ltr'><em>maluerint.</em></span> <span class='ocrx_word' id='word_1_413' title='bbox 991 4419 1045 4472; x_wconf 89' lang='lat' dir='ltr'><em>Pro</em></span> 
     </span>
     <span class='ocr_line' id='line_1_63' title="bbox 242 4487 1045 4562; baseline -0.01 -14"><span class='ocrx_word' id='word_1_414' title='bbox 242 4491 367 4562; x_wconf 87' lang='lat' dir='ltr'><em>sportulis</em></span> <span class='ocrx_word' id='word_1_415' title='bbox 385 4495 522 4558; x_wconf 91' lang='lat' dir='ltr'><em>praeterea</em></span> <span class='ocrx_word' id='word_1_416' title='bbox 539 4489 655 4554; x_wconf 90' lang='lat' dir='ltr'><em>modum,</em></span> <span class='ocrx_word' id='word_1_417' title='bbox 680 4503 757 4556; x_wconf 90' lang='lat' dir='ltr'><em>quem</em></span> <span class='ocrx_word' id='word_1_418' title='bbox 775 4487 871 4542; x_wconf 84' lang='lat' dir='ltr'><em>not&#39;tia</em></span> <span class='ocrx_word' id='word_1_419' title='bbox 889 4487 965 4540; x_wconf 89' lang='lat' dir='ltr'><em>nobis</em></span> <span class='ocrx_word' id='word_1_420' title='bbox 982 4503 1045 4554; x_wconf 89' lang='lat' dir='ltr'><em>pcr-</em></span> 
     </span>
     <span class='ocr_line' id='line_1_64' title="bbox 241 4557 1046 4626; baseline -0.006 -12"><span class='ocrx_word' id='word_1_421' title='bbox 241 4567 315 4614; x_wconf 86' lang='lat' dir='ltr'><em>recta</em></span> <span class='ocrx_word' id='word_1_422' title='bbox 341 4559 466 4624; x_wconf 90' lang='lat' dir='ltr'><em>declarat,</em></span> <span class='ocrx_word' id='word_1_423' title='bbox 493 4561 548 4610; x_wconf 90' lang='lat' dir='ltr'><em>tam</em></span> <span class='ocrx_word' id='word_1_424' title='bbox 573 4573 621 4626; x_wconf 89' lang='lat' dir='ltr'><em>pro</em></span> <span class='ocrx_word' id='word_1_425' title='bbox 647 4557 688 4610; x_wconf 91' lang='lat' dir='ltr'><em>his</em></span> <span class='ocrx_word' id='word_1_426' title='bbox 715 4571 795 4624; x_wconf 89' lang='lat' dir='ltr'><em>quam</em></span> <span class='ocrx_word' id='word_1_427' title='bbox 818 4571 868 4624; x_wconf 90' lang='lat' dir='ltr'><em>pro</em></span> <span class='ocrx_word' id='word_1_428' title='bbox 893 4557 993 4610; x_wconf 87' lang='lat' dir='ltr'><em>colonis</em></span> <span class='ocrx_word' id='word_1_429' title='bbox 1019 4560 1046 4609; x_wconf 89' lang='lat' dir='ltr'><em>et</em></span> 
     </span>
     <span class='ocr_line' id='line_1_65' title="bbox 242 4623 1045 4692; baseline -0.005 -12"><span class='ocrx_word' id='word_1_430' title='bbox 242 4627 324 4682; x_wconf 87' lang='lat' dir='ltr'><em>servis</em></span> <span class='ocrx_word' id='word_1_431' title='bbox 342 4643 432 4684; x_wconf 87' lang='lat' dir='ltr'><em>eorum</em></span> <span class='ocrx_word' id='word_1_432' title='bbox 449 4623 582 4692; x_wconf 89' lang='lat' dir='ltr'><em>custodiri,</em></span> <span class='ocrx_word' id='word_1_433' title='bbox 604 4623 754 4690; x_wconf 85' lang='lat' dir='ltr'><em>neminique</em></span> <span class='ocrx_word' id='word_1_434' title='bbox 771 4623 894 4690; x_wconf 89' lang='lat' dir='ltr'><em>praeberi</em></span> <span class='ocrx_word' id='word_1_435' title='bbox 911 4623 1045 4678; x_wconf 88' lang='lat' dir='ltr'><em>licentiam</em></span> 
     </span>
     <span class='ocr_line' id='line_1_66' title="bbox 242 4691 1045 4760; baseline -0.005 -12"><span class='ocrx_word' id='word_1_436' title='bbox 242 4695 354 4748; x_wconf 89' lang='lat' dir='ltr'><em>eundem</em></span> <span class='ocrx_word' id='word_1_437' title='bbox 371 4693 477 4748; x_wconf 90' lang='lat' dir='ltr'><em>modum</em></span> <span class='ocrx_word' id='word_1_438' title='bbox 495 4693 565 4746; x_wconf 88' lang='lat' dir='ltr'><em>circa</em></span> <span class='ocrx_word' id='word_1_439' title='bbox 582 4693 760 4760; x_wconf 88' lang='lat' dir='ltr'><em>sportularum</em></span> <span class='ocrx_word' id='word_1_440' title='bbox 775 4691 939 4746; x_wconf 83' lang='lat' dir='ltr'><em>exactionem</em></span> <span class='ocrx_word' id='word_1_441' title='bbox 953 4695 1045 4746; x_wconf 89' lang='lat' dir='ltr'><em>cantra</em></span> 
     </span>
     <span class='ocr_line' id='line_1_67' title="bbox 242 4759 1044 4828; baseline -0.002 -14"><span class='ocrx_word' id='word_1_442' title='bbox 242 4767 257 4814; x_wconf 85' lang='grc'>4</span> <span class='ocrx_word' id='word_1_443' title='bbox 292 4779 338 4816; x_wconf 89' lang='lat' dir='ltr'><em>eos</em></span> <span class='ocrx_word' id='word_1_444' title='bbox 356 4761 507 4816; x_wconf 78' lang='lat' dir='ltr'><em>excedendi.</em></span> <span class='ocrx_word' id='word_1_445' title='bbox 541 4759 598 4814; x_wconf 87' lang='lat' dir='ltr'><em>Nec</em></span> <span class='ocrx_word' id='word_1_446' title='bbox 617 4759 648 4814; x_wconf 92' lang='lat' dir='ltr'><em>de</em></span> <span class='ocrx_word' id='word_1_447' title='bbox 667 4763 754 4814; x_wconf 89' lang='lat' dir='ltr'><em>cetero</em></span> <span class='ocrx_word' id='word_1_448' title='bbox 776 4773 948 4828; x_wconf 86' lang='lat' dir='ltr'><em>quemquam,</em></span> <span class='ocrx_word' id='word_1_449' title='bbox 970 4765 1044 4812; x_wconf 83' lang='lat' dir='ltr'><em>ante-</em></span> 
     </span>
     <span class='ocr_line' id='line_1_68' title="bbox 242 4827 1044 4898; baseline -0.005 -14"><span class='ocrx_word' id='word_1_450' title='bbox 242 4845 322 4898; x_wconf 86' lang='lat' dir='ltr'><em>quam</em></span> <span class='ocrx_word' id='word_1_451' title='bbox 343 4845 390 4896; x_wconf 90' lang='lat' dir='ltr'><em>per</em></span> <span class='ocrx_word' id='word_1_452' title='bbox 413 4833 513 4884; x_wconf 90' lang='lat' dir='ltr'><em>statuta</em></span> <span class='ocrx_word' id='word_1_453' title='bbox 536 4833 656 4896; x_wconf 89' lang='lat' dir='ltr'><em>tempora</em></span> <span class='ocrx_word' id='word_1_454' title='bbox 679 4827 772 4894; x_wconf 88' lang='lat' dir='ltr'><em>legum</em></span> <span class='ocrx_word' id='word_1_455' title='bbox 789 4827 933 4880; x_wconf 90' lang='lat' dir='ltr'><em>eruditioni</em></span> <span class='ocrx_word' id='word_1_456' title='bbox 949 4843 1044 4880; x_wconf 90' lang='lat' dir='ltr'><em>nosca-</em></span> 
     </span>
     <span class='ocr_line' id='line_1_69' title="bbox 243 4893 1046 4964; baseline -0.006 -12"><span class='ocrx_word' id='word_1_457' title='bbox 243 4905 257 4952; x_wconf 87' lang='lat'>5</span> <span class='ocrx_word' id='word_1_458' title='bbox 292 4903 336 4950; x_wconf 93' lang='lat' dir='ltr'><em>tur</em></span> <span class='ocrx_word' id='word_1_459' title='bbox 352 4897 504 4960; x_wconf 86' lang='lat' dir='ltr'><em>inhaesisse,</em></span> <span class='ocrx_word' id='word_1_460' title='bbox 523 4911 605 4964; x_wconf 89' lang='lat' dir='ltr'><em>supra</em></span> <span class='ocrx_word' id='word_1_461' title='bbox 623 4895 693 4950; x_wconf 91' lang='lat' dir='ltr'><em>dicto</em></span> <span class='ocrx_word' id='word_1_462' title='bbox 717 4895 849 4950; x_wconf 90' lang='lat' dir='ltr'><em>consortio</em></span> <span class='ocrx_word' id='word_1_463' title='bbox 869 4893 974 4950; x_wconf 89' lang='lat' dir='ltr'><em>sociari.</em></span> <span class='ocrx_word' id='word_1_464' title='bbox 1008 4895 1046 4948; x_wconf 89' lang='lat' dir='ltr'><em>Et</em></span> 
     </span>
     <span class='ocr_line' id='line_1_70' title="bbox 242 4963 1046 5020; baseline -0.005 0"><span class='ocrx_word' id='word_1_465' title='bbox 242 4965 310 5020; x_wconf 90' lang='lat' dir='ltr'><em>filios</em></span> <span class='ocrx_word' id='word_1_466' title='bbox 337 4965 525 5020; x_wconf 91' lang='lat' dir='ltr'><em>advocatorum</em></span> <span class='ocrx_word' id='word_1_467' title='bbox 549 4965 589 5016; x_wconf 92' lang='lat' dir='ltr'><em>vel</em></span> <span class='ocrx_word' id='word_1_468' title='bbox 616 4963 702 5016; x_wconf 90' lang='lat' dir='ltr'><em>adhuc</em></span> <span class='ocrx_word' id='word_1_469' title='bbox 728 4963 756 5016; x_wconf 90' lang='lat' dir='ltr'><em>in</em></span> <span class='ocrx_word' id='word_1_470' title='bbox 775 4963 822 5016; x_wconf 90' lang='lat' dir='ltr'><em>tali</em></span> <span class='ocrx_word' id='word_1_471' title='bbox 842 4963 1046 5018; x_wconf 89' lang='lat' dir='ltr'><em>constitutorum</em></span> 
     </span>
    </p>
   </div>
   <div class='ocr_carea' id='block_1_6' title="bbox 248 5061 1695 5070">
    <p class='ocr_par' dir='ltr' id='par_1_10' title="bbox 248 5061 1695 5070">
     <span class='ocr_line' id='line_1_71' title="bbox 248 5061 1695 5070; baseline -0.001 -2"><span class='ocrx_word' id='word_1_472' title='bbox 248 5061 1695 5070; x_wconf 44' lang='lat' dir='ltr'><em>,mffl—m———fflfflu—*w-——wm—-ffl———nffl</em></span> 
     </span>
    </p>
   </div>
   <div class='ocr_carea' id='block_1_7' title="bbox 238 5103 1051 5578">
    <p class='ocr_par' dir='ltr' id='par_1_11' title="bbox 238 5103 1046 5170">
     <span class='ocr_line' id='line_1_72' title="bbox 238 5103 1046 5170; baseline -0.002 -16"><span class='ocrx_word' id='word_1_473' title='bbox 238 5103 268 5166; x_wconf 86' lang='grc'><em>(1)</em></span> <span class='ocrx_word' id='word_1_474' title='bbox 284 5103 347 5152; x_wconf 58' lang='grc' dir='ltr'><em>υ-τΒ</em></span> <span class='ocrx_word' id='word_1_475' title='bbox 361 5103 384 5166; x_wconf 88' lang='lat'><em>8,</em></span> <span class='ocrx_word' id='word_1_476' title='bbox 396 5109 414 5166; x_wconf 88' lang='lat' dir='ltr'><em>i,</em></span> <span class='ocrx_word' id='word_1_477' title='bbox 428 5111 469 5154; x_wconf 76' lang='lat'><em>29:</em></span> <span class='ocrx_word' id='word_1_478' title='bbox 489 5109 600 5168; x_wconf 73' lang='lat' dir='ltr'><em>cf-noth</em></span> <span class='ocrx_word' id='word_1_479' title='bbox 674 5103 740 5166; x_wconf 85' lang='grc'><em>(2)--</em></span> <span class='ocrx_word' id='word_1_480' title='bbox 750 5105 801 5152; x_wconf 82' lang='grc' dir='ltr'><em>ΒΣ</em></span> <span class='ocrx_word' id='word_1_481' title='bbox 809 5103 834 5170; x_wconf 86' lang='grc'><em>8,</em></span> <span class='ocrx_word' id='word_1_482' title='bbox 848 5115 867 5168; x_wconf 92' lang='grc'><em>1,</em></span> <span class='ocrx_word' id='word_1_483' title='bbox 881 5111 922 5154; x_wconf 85' lang='lat'><em>30:</em></span> <span class='ocrx_word' id='word_1_484' title='bbox 935 5103 1046 5166; x_wconf 77' lang='lat' dir='ltr'><em>sortasse</em></span> 
     </span>
    </p>

    <p class='ocr_par' dir='ltr' id='par_1_12' title="bbox 238 5171 1051 5240">
     <span class='ocr_line' id='line_1_73' title="bbox 238 5171 1051 5240; baseline -0.001 -20"><span class='ocrx_word' id='word_1_485' title='bbox 238 5171 375 5240; x_wconf 83' lang='lat' dir='ltr'><em>innpandao</em></span> <span class='ocrx_word' id='word_1_486' title='bbox 390 5181 443 5220; x_wconf 82' lang='lat' dir='ltr'><em>sunt</em></span> <span class='ocrx_word' id='word_1_487' title='bbox 458 5191 477 5220; x_wconf 87' lang='lat' dir='ltr'><em>c.</em></span> <span class='ocrx_word' id='word_1_488' title='bbox 495 5175 532 5224; x_wconf 83' lang='lat'><em>18.</em></span> <span class='ocrx_word' id='word_1_489' title='bbox 550 5175 571 5236; x_wconf 91' lang='lat' dir='ltr'><em>l,</em></span> <span class='ocrx_word' id='word_1_490' title='bbox 587 5183 620 5238; x_wconf 78' lang='lat' dir='ltr'><em>tl,</em></span> <span class='ocrx_word' id='word_1_491' title='bbox 636 5183 659 5224; x_wconf 80' lang='lat'><em>13</em></span> <span class='ocrx_word' id='word_1_492' title='bbox 676 5173 709 5238; x_wconf 84' lang='lat' dir='ltr'><em>[d.</em></span> <span class='ocrx_word' id='word_1_493' title='bbox 723 5187 753 5224; x_wconf 86' lang='lat' dir='ltr'><em>vr</em></span> <span class='ocrx_word' id='word_1_494' title='bbox 766 5175 792 5222; x_wconf 82' lang='lat' dir='ltr'><em>lr.</em></span> <span class='ocrx_word' id='word_1_495' title='bbox 802 5171 852 5224; x_wconf 85' lang='lat' dir='ltr'><em>iul.</em></span> <span class='ocrx_word' id='word_1_496' title='bbox 867 5175 924 5238; x_wconf 88' lang='lat' dir='ltr'><em>post</em></span> <span class='ocrx_word' id='word_1_497' title='bbox 937 5171 1051 5220; x_wconf 90' lang='lat' dir='ltr'><em>consula·</em></span> 
     </span>
    </p>

    <p class='ocr_par' dir='ltr' id='par_1_13' title="bbox 240 5233 1044 5578">
     <span class='ocr_line' id='line_1_74' title="bbox 241 5233 1044 5300; baseline 0 -14"><span class='ocrx_word' id='word_1_498' title='bbox 241 5241 295 5286; x_wconf 87' lang='lat' dir='ltr'><em>tum</em></span> <span class='ocrx_word' id='word_1_499' title='bbox 305 5233 433 5298; x_wconf 85' lang='lat' dir='ltr'><em>Longini).</em></span> <span class='ocrx_word' id='word_1_500' title='bbox 452 5235 475 5296; x_wconf 92' lang='grc'>2,</span> <span class='ocrx_word' id='word_1_501' title='bbox 490 5243 570 5294; x_wconf 72' lang='lat' dir='ltr'><em>ianr.</em></span> <span class='ocrx_word' id='word_1_502' title='bbox 588 5239 612 5300; x_wconf 83' lang='lat'><em>3,</em></span> <span class='ocrx_word' id='word_1_503' title='bbox 630 5247 651 5300; x_wconf 84' lang='lat' dir='ltr'><em>a,</em></span> <span class='ocrx_word' id='word_1_504' title='bbox 670 5247 690 5288; x_wconf 84' lang='lat' dir='ltr'><em>e.</em></span> <span class='ocrx_word' id='word_1_505' title='bbox 710 5239 732 5300; x_wconf 90' lang='lat'><em>3,</em></span> <span class='ocrx_word' id='word_1_506' title='bbox 752 5247 784 5300; x_wconf 82' lang='lat' dir='ltr'><em>ro,</em></span> <span class='ocrx_word' id='word_1_507' title='bbox 803 5249 819 5288; x_wconf 87' lang='lat'><em>1.</em></span> <span class='ocrx_word' id='word_1_508' title='bbox 839 5241 863 5300; x_wconf 80' lang='lat' dir='ltr'><em>r,</em></span> <span class='ocrx_word' id='word_1_509' title='bbox 882 5247 915 5298; x_wconf 81' lang='lat' dir='ltr'><em>cr,</em></span> <span class='ocrx_word' id='word_1_510' title='bbox 933 5247 945 5286; x_wconf 83' lang='lat' dir='ltr'><em>s</em></span> <span class='ocrx_word' id='word_1_511' title='bbox 962 5235 995 5300; x_wconf 84' lang='lat' dir='ltr'><em>[i.</em></span> <span class='ocrx_word' id='word_1_512' title='bbox 1004 5253 1044 5286; x_wconf 86' lang='lat' dir='ltr'><em>vn</em></span> 
     </span>
     <span class='ocr_line' id='line_1_75' title="bbox 241 5299 1043 5370; baseline 0.002 -18"><span class='ocrx_word' id='word_1_513' title='bbox 241 5307 266 5354; x_wconf 88' lang='lat' dir='ltr'><em>k.</em></span> <span class='ocrx_word' id='word_1_514' title='bbox 275 5301 354 5368; x_wconf 86' lang='lat' dir='ltr'><em>April.</em></span> <span class='ocrx_word' id='word_1_515' title='bbox 372 5299 590 5366; x_wconf 86' lang='lat' dir='ltr'><em>postconsulatum</em></span> <span class='ocrx_word' id='word_1_516' title='bbox 598 5303 727 5368; x_wconf 81' lang='lat' dir='ltr'><em>Longini).</em></span> <span class='ocrx_word' id='word_1_517' title='bbox 746 5323 774 5354; x_wconf 84' lang='lat' dir='ltr'><em>en</em></span> <span class='ocrx_word' id='word_1_518' title='bbox 787 5305 960 5370; x_wconf 83' lang='lat' dir='ltr'><em>subscriptione</em></span> <span class='ocrx_word' id='word_1_519' title='bbox 974 5307 1043 5354; x_wconf 81' lang='lat' dir='ltr'><em>resti·</em></span> 
     </span>
     <span class='ocr_line' id='line_1_76' title="bbox 242 5365 1042 5436; baseline -0.005 -12"><span class='ocrx_word' id='word_1_520' title='bbox 242 5373 330 5424; x_wconf 81' lang='lat' dir='ltr'><em>tuenda</em></span> <span class='ocrx_word' id='word_1_521' title='bbox 351 5383 386 5420; x_wconf 84' lang='lat' dir='ltr'><em>est</em></span> <span class='ocrx_word' id='word_1_522' title='bbox 407 5369 529 5436; x_wconf 82' lang='lat' dir='ltr'><em>inscm&#39;ptio</em></span> <span class='ocrx_word' id='word_1_523' title='bbox 554 5381 595 5418; x_wconf 82' lang='lat' dir='ltr'><em>aar</em></span> <span class='ocrx_word' id='word_1_524' title='bbox 617 5365 631 5422; x_wconf 83' lang='grc' dir='ltr'>ὁ</span> <span class='ocrx_word' id='word_1_525' title='bbox 650 5367 728 5422; x_wconf 69' lang='grc' dir='ltr'><strong><em>αὐτὸς</em></strong></span> <span class='ocrx_word' id='word_1_526' title='bbox 743 5365 875 5436; x_wconf 71' lang='grc' dir='ltr'><strong><em>βασιλεύς,</em></strong></span> <span class='ocrx_word' id='word_1_527' title='bbox 896 5373 920 5424; x_wconf 85' lang='lat' dir='ltr'><em>si</em></span> <span class='ocrx_word' id='word_1_528' title='bbox 935 5373 1005 5422; x_wconf 86' lang='lat' dir='ltr'><em>eiiam</em></span> <span class='ocrx_word' id='word_1_529' title='bbox 1023 5391 1042 5424; x_wconf 90' lang='lat' dir='ltr'><em>o.</em></span> 
     </span>
     <span class='ocr_line' id='line_1_77' title="bbox 240 5433 1042 5506; baseline 0.002 -18"><span class='ocrx_word' id='word_1_530' title='bbox 240 5451 275 5500; x_wconf 76' lang='lat' dir='ltr'><em>rs,</em></span> <span class='ocrx_word' id='word_1_531' title='bbox 293 5439 357 5506; x_wconf 83' lang='lat' dir='ltr'><em>qnod</em></span> <span class='ocrx_word' id='word_1_532' title='bbox 374 5439 425 5490; x_wconf 86' lang='lat' dir='ltr'><em>veri</em></span> <span class='ocrx_word' id='word_1_533' title='bbox 435 5439 511 5490; x_wconf 86' lang='lat' dir='ltr'><em>simile</em></span> <span class='ocrx_word' id='word_1_534' title='bbox 526 5445 567 5498; x_wconf 84' lang='lat' dir='ltr'><em>est,</em></span> <span class='ocrx_word' id='word_1_535' title='bbox 586 5455 636 5488; x_wconf 86' lang='lat' dir='ltr'><em>carn</em></span> <span class='ocrx_word' id='word_1_536' title='bbox 651 5441 674 5490; x_wconf 88' lang='lat' dir='ltr'><em>b.</em></span> <span class='ocrx_word' id='word_1_537' title='bbox 687 5457 706 5490; x_wconf 92' lang='lat' dir='ltr'><em>c.</em></span> <span class='ocrx_word' id='word_1_538' title='bbox 723 5441 845 5506; x_wconf 77' lang='lat' dir='ltr'><em>iungenda</em></span> <span class='ocrx_word' id='word_1_539' title='bbox 856 5451 898 5504; x_wconf 85' lang='lat' dir='ltr'><em>est,</em></span> <span class='ocrx_word' id='word_1_540' title='bbox 916 5451 958 5490; x_wconf 85' lang='lat' dir='ltr'><em>oni</em></span> <span class='ocrx_word' id='word_1_541' title='bbox 968 5433 1042 5490; x_wconf 77' lang='lat' dir='ltr'><em>anico-</em></span> 
     </span>
     <span class='ocr_line' id='line_1_78' title="bbox 240 5499 1043 5578; baseline 0 -22"><span class='ocrx_word' id='word_1_542' title='bbox 240 5499 346 5578; x_wconf 77' lang='grc' dir='ltr'><strong><em>ιιράιιαιρ</em></strong></span> <span class='ocrx_word' id='word_1_543' title='bbox 357 5499 453 5570; x_wconf 53' lang='lat' dir='ltr'><em>Macra</em></span> <span class='ocrx_word' id='word_1_544' title='bbox 461 5507 498 5556; x_wconf 87' lang='lat' dir='ltr'><em>A.</em></span> <span class='ocrx_word' id='word_1_545' title='bbox 537 5503 570 5568; x_wconf 84' lang='grc'><em>(3)</em></span> <span class='ocrx_word' id='word_1_546' title='bbox 580 5503 637 5554; x_wconf 78' lang='lat' dir='ltr'><em>libri</em></span> <span class='ocrx_word' id='word_1_547' title='bbox 645 5509 743 5570; x_wconf 80' lang='lat' dir='ltr'><em>puidam</em></span> <span class='ocrx_word' id='word_1_548' title='bbox 752 5509 795 5558; x_wconf 85' lang='lat' dir='ltr'><em>boc</em></span> <span class='ocrx_word' id='word_1_549' title='bbox 806 5509 856 5558; x_wconf 86' lang='lat' dir='ltr'><em>ioco</em></span> <span class='ocrx_word' id='word_1_550' title='bbox 866 5509 927 5558; x_wconf 81' lang='lat' dir='ltr'><em>nale</em></span> <span class='ocrx_word' id='word_1_551' title='bbox 937 5511 1043 5560; x_wconf 82' lang='lat' dir='ltr'><em>inserunt</em></span> 
     </span>
    </p>
   </div>
   <div class='ocr_carea' id='block_1_8' title="bbox 242 5609 459 5622">
    <p class='ocr_par' dir='ltr' id='par_1_14' title="bbox 242 5609 459 5622">
     <span class='ocr_line' id='line_1_79' title="bbox 242 5609 459 5622; baseline -0.018 -2"><span class='ocrx_word' id='word_1_552' title='bbox 242 5609 459 5622; x_wconf 72' lang='grc'>..-..----....-..,,-..,</span> 
     </span>
    </p>
   </div>
   <div class='ocr_carea' id='block_1_9' title="bbox 242 5667 1043 5880">
    <p class='ocr_par' dir='ltr' id='par_1_15' title="bbox 242 5667 1043 5880">
     <span class='ocr_line' id='line_1_80' title="bbox 278 5667 1043 5730; baseline 0.003 -2"><span class='ocrx_word' id='word_1_553' title='bbox 278 5667 315 5728; x_wconf 85' lang='grc'><em>18</em></span> <span class='ocrx_word' id='word_1_554' title='bbox 334 5671 418 5726; x_wconf 82' lang='lat' dir='ltr'><em>Nemo</em></span> <span class='ocrx_word' id='word_1_555' title='bbox 440 5673 587 5728; x_wconf 86' lang='lat' dir='ltr'><em>advocatos</em></span> <span class='ocrx_word' id='word_1_556' title='bbox 608 5669 749 5726; x_wconf 83' lang='lat' dir='ltr'><em>inordina</em></span> <span class='ocrx_word' id='word_1_557' title='bbox 769 5675 930 5730; x_wconf 82' lang='lat' dir='ltr'><em>constitutos</em></span> <span class='ocrx_word' id='word_1_558' title='bbox 945 5673 1043 5730; x_wconf 72' lang='grc' dir='ltr'><strong><em>νοοῖτο(</em></strong></span> 
     </span>
     <span class='ocr_line' id='line_1_81' title="bbox 242 5739 832 5812; baseline 0.01 -22"><span class='ocrx_word' id='word_1_559' title='bbox 242 5739 295 5792; x_wconf 86' lang='lat' dir='ltr'><em>nisi</em></span> <span class='ocrx_word' id='word_1_560' title='bbox 313 5739 494 5794; x_wconf 84' lang='lat' dir='ltr'><em>tantummodo</em></span> <span class='ocrx_word' id='word_1_561' title='bbox 506 5741 668 5810; x_wconf 79' lang='lat' dir='ltr'><em>praefectus</em></span> <span class='ocrx_word' id='word_1_562' title='bbox 680 5743 832 5812; x_wconf 84' lang='lat' dir='ltr'><em>practorio.</em></span> 
     </span>
     <span class='ocr_line' id='line_1_82' title="bbox 279 5801 1041 5880; baseline 0.003 -18"><span class='ocrx_word' id='word_1_563' title='bbox 279 5801 317 5862; x_wconf 78' lang='lat' dir='ltr'><em>td</em></span> <span class='ocrx_word' id='word_1_564' title='bbox 335 5805 408 5862; x_wconf 83' lang='lat' dir='ltr'><em>Noae</em></span> <span class='ocrx_word' id='word_1_565' title='bbox 429 5805 504 5880; x_wconf 73' lang='lat' dir='ltr'><em>apati</em></span> <span class='ocrx_word' id='word_1_566' title='bbox 514 5807 658 5880; x_wconf 81' lang='lat' dir='ltr'><em>praesidas</em></span> <span class='ocrx_word' id='word_1_567' title='bbox 679 5823 744 5862; x_wconf 84' lang='lat' dir='ltr'><em>acac</em></span> <span class='ocrx_word' id='word_1_568' title='bbox 761 5809 836 5878; x_wconf 78' lang='lat' dir='ltr'><em>aprici</em></span> <span class='ocrx_word' id='word_1_569' title='bbox 852 5809 971 5864; x_wconf 82' lang='lat' dir='ltr'><em>arbitros</em></span> <span class='ocrx_word' id='word_1_570' title='bbox 987 5811 1041 5864; x_wconf 87' lang='lat' dir='ltr'><em>aino</em></span> 
     </span>
    </p>
   </div>
   <div class='ocr_carea' id='block_1_10' title="bbox 1095 537 1900 812">
    <p class='ocr_par' dir='ltr' id='par_1_16' title="bbox 1095 537 1900 812">
     <span class='ocr_line' id='line_1_83' title="bbox 1095 537 1899 610; baseline -0.011 -12"><span class='ocrx_word' id='word_1_571' title='bbox 1095 541 1184 598; x_wconf 87' lang='lat' dir='ltr'><em>efficio</em></span> <span class='ocrx_word' id='word_1_572' title='bbox 1202 541 1242 598; x_wconf 93' lang='lat' dir='ltr'><em>vel</em></span> <span class='ocrx_word' id='word_1_573' title='bbox 1259 555 1358 606; x_wconf 90' lang='lat' dir='ltr'><em>eorum,</em></span> <span class='ocrx_word' id='word_1_574' title='bbox 1383 539 1429 610; x_wconf 90' lang='lat' dir='ltr'><em>qui</em></span> <span class='ocrx_word' id='word_1_575' title='bbox 1446 537 1506 594; x_wconf 84' lang='lat' dir='ltr'><em>fisci</em></span> <span class='ocrx_word' id='word_1_576' title='bbox 1522 541 1694 608; x_wconf 87' lang='lat' dir='ltr'><em>patronatum</em></span> <span class='ocrx_word' id='word_1_577' title='bbox 1711 537 1899 608; x_wconf 86' lang='lat' dir='ltr'><em>deposuerunt,</em></span> 
     </span>
     <span class='ocr_line' id='line_1_84' title="bbox 1096 603 1900 680; baseline -0.01 -14"><span class='ocrx_word' id='word_1_578' title='bbox 1096 611 1267 680; x_wconf 87' lang='lat' dir='ltr'><em>superstitum</em></span> <span class='ocrx_word' id='word_1_579' title='bbox 1289 609 1330 662; x_wconf 90' lang='lat' dir='ltr'><em>vel</em></span> <span class='ocrx_word' id='word_1_580' title='bbox 1346 613 1525 672; x_wconf 90' lang='lat' dir='ltr'><em>mortuorum,</em></span> <span class='ocrx_word' id='word_1_581' title='bbox 1550 607 1682 662; x_wconf 81' lang='lat' dir='ltr'><em>exbaneis</em></span> <span class='ocrx_word' id='word_1_582' title='bbox 1704 607 1738 660; x_wconf 90' lang='lat' dir='ltr'><em>ad</em></span> <span class='ocrx_word' id='word_1_583' title='bbox 1755 607 1824 662; x_wconf 89' lang='lat' dir='ltr'><em>idem</em></span> <span class='ocrx_word' id='word_1_584' title='bbox 1841 603 1900 660; x_wconf 85' lang='lat' dir='ltr'><em>cifi-</em></span> 
     </span>
     <span class='ocr_line' id='line_1_85' title="bbox 1700 673 1900 730; baseline -0.01 -2"><span class='ocrx_word' id='word_1_585' title='bbox 1700 675 1763 728; x_wconf 85' lang='lat' dir='ltr'><em>ratis</em></span> <span class='ocrx_word' id='word_1_586' title='bbox 1791 681 1818 730; x_wconf 92' lang='lat' dir='ltr'><em>et</em></span> <span class='ocrx_word' id='word_1_587' title='bbox 1844 673 1900 726; x_wconf 90' lang='lat' dir='ltr'><em>sine</em></span> 
     </span>
     <span class='ocr_line' id='line_1_86' title="bbox 1677 693 1900 812; baseline -0.022 -14"><span class='ocrx_word' id='word_1_588' title='bbox 1677 693 1834 812; x_wconf 80' lang='lat' dir='ltr'><em>dispositum</em></span> <span class='ocrx_word' id='word_1_589' title='bbox 1852 747 1900 804; x_wconf 86' lang='lat' dir='ltr'><em>est,</em></span> 
     </span>
    </p>
   </div>
   <div class='ocr_carea' id='block_1_11' title="bbox 1096 675 1656 756">
    <p class='ocr_par' dir='ltr' id='par_1_17' title="bbox 1096 675 1656 756">
     <span class='ocr_line' id='line_1_87' title="bbox 1096 675 1656 756; baseline -0.007 -22"><span class='ocrx_word' id='word_1_590' title='bbox 1096 681 1166 734; x_wconf 90' lang='lat' dir='ltr'><em>cium</em></span> <span class='ocrx_word' id='word_1_591' title='bbox 1199 675 1386 734; x_wconf 86' lang='lat' dir='ltr'><em>accedentibus</em></span> <span class='ocrx_word' id='word_1_592' title='bbox 1421 675 1546 756; x_wconf 80' lang='lat' dir='ltr'><em>anteponi</em></span> <span class='ocrx_word' id='word_1_593' title='bbox 1581 675 1656 744; x_wconf 89' lang='lat' dir='ltr'><em>eique</em></span> 
     </span>
    </p>
   </div>
   <div class='ocr_carea' id='block_1_12' title="bbox 1095 745 1902 882">
    <p class='ocr_par' dir='ltr' id='par_1_18' title="bbox 1095 745 1902 882">
     <span class='ocr_line' id='line_1_88' title="bbox 1095 745 1652 816; baseline -0.014 -12"><span class='ocrx_word' id='word_1_594' title='bbox 1095 749 1243 816; x_wconf 87' lang='lat' dir='ltr'><em>sumptibus</em></span> <span class='ocrx_word' id='word_1_595' title='bbox 1268 745 1377 810; x_wconf 90' lang='lat' dir='ltr'><em>sociari,</em></span> <span class='ocrx_word' id='word_1_596' title='bbox 1401 745 1425 798; x_wconf 89' lang='lat' dir='ltr'><em>si</em></span> <span class='ocrx_word' id='word_1_597' title='bbox 1442 745 1469 796; x_wconf 89' lang='lat' dir='ltr'><em>et</em></span> <span class='ocrx_word' id='word_1_598' title='bbox 1485 759 1548 812; x_wconf 80' lang='lat' dir='ltr'><em>ipsi,</em></span> <span class='ocrx_word' id='word_1_599' title='bbox 1572 749 1652 810; x_wconf 89' lang='lat' dir='ltr'><em>prout</em></span> 
     </span>
     <span class='ocr_line' id='line_1_89' title="bbox 1096 809 1902 882; baseline -0.011 -12"><span class='ocrx_word' id='word_1_600' title='bbox 1096 821 1110 870; x_wconf 84' lang='lat' dir='ltr'><em>b</em></span> <span class='ocrx_word' id='word_1_601' title='bbox 1151 815 1229 870; x_wconf 87' lang='lat' dir='ltr'><em>solito</em></span> <span class='ocrx_word' id='word_1_602' title='bbox 1252 819 1370 882; x_wconf 90' lang='lat' dir='ltr'><em>tempore</em></span> <span class='ocrx_word' id='word_1_603' title='bbox 1393 813 1481 882; x_wconf 87' lang='lat' dir='ltr'><em>legum</em></span> <span class='ocrx_word' id='word_1_604' title='bbox 1503 811 1651 864; x_wconf 88' lang='lat' dir='ltr'><em>doctrinam</em></span> <span class='ocrx_word' id='word_1_605' title='bbox 1673 811 1824 866; x_wconf 89' lang='lat' dir='ltr'><em>meruerint.</em></span> <span class='ocrx_word' id='word_1_606' title='bbox 1865 809 1902 864; x_wconf 85' lang='lat' dir='ltr'><em>ut</em></span> 
     </span>
    </p>
   </div>
   <div class='ocr_carea' id='block_1_13' title="bbox 1095 877 1901 1138">
    <p class='ocr_par' dir='ltr' id='par_1_19' title="bbox 1095 877 1901 1138">
     <span class='ocr_line' id='line_1_90' title="bbox 1095 877 1901 952; baseline -0.009 -16"><span class='ocrx_word' id='word_1_607' title='bbox 1095 887 1183 936; x_wconf 74' lang='lat' dir='ltr'><em>numm</em></span> <span class='ocrx_word' id='word_1_608' title='bbox 1201 885 1255 950; x_wconf 84' lang='lat' dir='ltr'><em>his,</em></span> <span class='ocrx_word' id='word_1_609' title='bbox 1280 881 1325 952; x_wconf 89' lang='lat' dir='ltr'><em>qui</em></span> <span class='ocrx_word' id='word_1_610' title='bbox 1341 879 1400 936; x_wconf 86' lang='lat' dir='ltr'><em>fisci</em></span> <span class='ocrx_word' id='word_1_611' title='bbox 1416 879 1523 948; x_wconf 87' lang='lat' dir='ltr'><em>patroni</em></span> <span class='ocrx_word' id='word_1_612' title='bbox 1541 879 1657 934; x_wconf 86' lang='lat' dir='ltr'><em>officium</em></span> <span class='ocrx_word' id='word_1_613' title='bbox 1676 879 1766 948; x_wconf 88' lang='lat' dir='ltr'><em>adepti</em></span> <span class='ocrx_word' id='word_1_614' title='bbox 1782 879 1845 934; x_wconf 89' lang='lat' dir='ltr'><em>sunt</em></span> <span class='ocrx_word' id='word_1_615' title='bbox 1861 877 1901 930; x_wconf 90' lang='lat' dir='ltr'><em>vel</em></span> 
     </span>
     <span class='ocr_line' id='line_1_91' title="bbox 1097 945 1901 1016; baseline -0.01 -12"><span class='ocrx_word' id='word_1_616' title='bbox 1097 951 1207 1014; x_wconf 82' lang='lat' dir='ltr'><em>inerim,</em></span> <span class='ocrx_word' id='word_1_617' title='bbox 1231 967 1284 1004; x_wconf 89' lang='lat' dir='ltr'><em>non</em></span> <span class='ocrx_word' id='word_1_618' title='bbox 1307 953 1410 1002; x_wconf 90' lang='lat' dir='ltr'><em>tantum</em></span> <span class='ocrx_word' id='word_1_619' title='bbox 1435 947 1630 1016; x_wconf 86' lang='lat' dir='ltr'><em>superstitibus,</em></span> <span class='ocrx_word' id='word_1_620' title='bbox 1654 945 1799 1002; x_wconf 89' lang='lat' dir='ltr'><em>sedetiam</em></span> <span class='ocrx_word' id='word_1_621' title='bbox 1815 947 1901 1000; x_wconf 89' lang='lat' dir='ltr'><em>morte</em></span> 
     </span>
     <span class='ocr_line' id='line_1_92' title="bbox 1096 1011 1900 1138; baseline -0.006 -68"><span class='ocrx_word' id='word_1_622' title='bbox 1096 1019 1244 1098; x_wconf 79' lang='lat' dir='ltr'><em>praeventis</em></span> <span class='ocrx_word' id='word_1_623' title='bbox 1261 1017 1446 1138; x_wconf 76' lang='lat' dir='ltr'><em>prospiciatur,</em></span> <span class='ocrx_word' id='word_1_624' title='bbox 1465 1021 1520 1068; x_wconf 88' lang='lat' dir='ltr'><em>tam</em></span> <span class='ocrx_word' id='word_1_625' title='bbox 1538 1015 1572 1068; x_wconf 91' lang='lat' dir='ltr'><em>ad</em></span> <span class='ocrx_word' id='word_1_626' title='bbox 1589 1015 1700 1068; x_wconf 88' lang='lat' dir='ltr'><em>heredes</em></span> <span class='ocrx_word' id='word_1_627' title='bbox 1715 1015 1772 1068; x_wconf 91' lang='lat' dir='ltr'><em>fisci</em></span> <span class='ocrx_word' id='word_1_628' title='bbox 1786 1011 1900 1082; x_wconf 90' lang='lat' dir='ltr'><em>patroni,</em></span> 
     </span>
    </p>
   </div>
   <div class='ocr_carea' id='block_1_14' title="bbox 1094 1079 1904 5032">
    <p class='ocr_par' dir='ltr' id='par_1_20' title="bbox 1096 1079 1902 1758">
     <span class='ocr_line' id='line_1_93' title="bbox 1097 1079 1901 1155; baseline -0.007 -15"><span class='ocrx_word' id='word_1_629' title='bbox 1097 1101 1140 1155; x_wconf 88' lang='lat' dir='ltr'><em>qur</em></span> <span class='ocrx_word' id='word_1_630' title='bbox 1157 1087 1237 1140; x_wconf 89' lang='lat' dir='ltr'><em>semel</em></span> <span class='ocrx_word' id='word_1_631' title='bbox 1254 1087 1289 1140; x_wconf 91' lang='lat' dir='ltr'><em>ad</em></span> <span class='ocrx_word' id='word_1_632' title='bbox 1305 1091 1333 1140; x_wconf 87' lang='lat' dir='ltr'><em>ta</em></span> <span class='ocrx_word' id='word_1_633' title='bbox 1345 1101 1386 1140; x_wconf 90' lang='lat' dir='ltr'><em>em</em></span> <span class='ocrx_word' id='word_1_634' title='bbox 1402 1083 1513 1152; x_wconf 88' lang='lat' dir='ltr'><em>gradum</em></span> <span class='ocrx_word' id='word_1_635' title='bbox 1531 1089 1640 1138; x_wconf 88' lang='lat' dir='ltr'><em>vocatus</em></span> <span class='ocrx_word' id='word_1_636' title='bbox 1658 1083 1702 1148; x_wconf 86' lang='lat' dir='ltr'><em>sit,</em></span> <span class='ocrx_word' id='word_1_637' title='bbox 1727 1083 1827 1136; x_wconf 89' lang='lat' dir='ltr'><em>solacia</em></span> <span class='ocrx_word' id='word_1_638' title='bbox 1844 1079 1901 1134; x_wconf 89' lang='lat' dir='ltr'><em>eius</em></span> 
     </span>
     <span class='ocr_line' id='line_1_94' title="bbox 1096 1149 1901 1222; baseline -0.007 -14"><span class='ocrx_word' id='word_1_639' title='bbox 1096 1153 1209 1208; x_wconf 88' lang='lat' dir='ltr'><em>transire</em></span> <span class='ocrx_word' id='word_1_640' title='bbox 1226 1155 1320 1222; x_wconf 88' lang='lat' dir='ltr'><em>hisque</em></span> <span class='ocrx_word' id='word_1_641' title='bbox 1337 1153 1449 1218; x_wconf 88' lang='lat' dir='ltr'><em>servari,</em></span> <span class='ocrx_word' id='word_1_642' title='bbox 1474 1167 1553 1220; x_wconf 89' lang='lat' dir='ltr'><em>quam</em></span> <span class='ocrx_word' id='word_1_643' title='bbox 1570 1151 1650 1218; x_wconf 89' lang='lat' dir='ltr'><em>ipsos,</em></span> <span class='ocrx_word' id='word_1_644' title='bbox 1673 1149 1718 1218; x_wconf 88' lang='lat' dir='ltr'><em>qui</em></span> <span class='ocrx_word' id='word_1_645' title='bbox 1734 1149 1794 1204; x_wconf 88' lang='lat' dir='ltr'><em>iisci</em></span> <span class='ocrx_word' id='word_1_646' title='bbox 1811 1151 1901 1218; x_wconf 89' lang='lat' dir='ltr'><em>patro·</em></span> 
     </span>
     <span class='ocr_line' id='line_1_95' title="bbox 1096 1215 1901 1290; baseline -0.01 -14"><span class='ocrx_word' id='word_1_647' title='bbox 1096 1227 1188 1276; x_wconf 89' lang='lat' dir='ltr'><em>natum</em></span> <span class='ocrx_word' id='word_1_648' title='bbox 1210 1221 1263 1274; x_wconf 89' lang='lat' dir='ltr'><em>iarn</em></span> <span class='ocrx_word' id='word_1_649' title='bbox 1285 1221 1464 1290; x_wconf 89' lang='lat' dir='ltr'><em>deposuerunt</em></span> <span class='ocrx_word' id='word_1_650' title='bbox 1484 1221 1526 1272; x_wconf 86' lang='lat' dir='ltr'><em>rel</em></span> <span class='ocrx_word' id='word_1_651' title='bbox 1547 1223 1641 1288; x_wconf 91' lang='lat' dir='ltr'><em>postea</em></span> <span class='ocrx_word' id='word_1_652' title='bbox 1658 1217 1836 1286; x_wconf 88' lang='lat' dir='ltr'><em>deposuerint,</em></span> <span class='ocrx_word' id='word_1_653' title='bbox 1853 1215 1901 1268; x_wconf 91' lang='lat' dir='ltr'><em>mi-</em></span> 
     </span>
     <span class='ocr_line' id='line_1_96' title="bbox 1096 1285 1902 1356; baseline -0.007 -12"><span class='ocrx_word' id='word_1_654' title='bbox 1096 1291 1165 1344; x_wconf 90' lang='lat' dir='ltr'><em>nime</em></span> <span class='ocrx_word' id='word_1_655' title='bbox 1183 1289 1323 1344; x_wconf 88' lang='lat' dir='ltr'><em>cuiuslibet</em></span> <span class='ocrx_word' id='word_1_656' title='bbox 1346 1295 1422 1344; x_wconf 89' lang='lat' dir='ltr'><em>actus</em></span> <span class='ocrx_word' id='word_1_657' title='bbox 1440 1287 1542 1356; x_wconf 83' lang='lat' dir='ltr'><em>publici</em></span> <span class='ocrx_word' id='word_1_658' title='bbox 1562 1287 1765 1342; x_wconf 89' lang='lat' dir='ltr'><em>sollicitudinem</em></span> <span class='ocrx_word' id='word_1_659' title='bbox 1783 1285 1902 1340; x_wconf 86' lang='lat' dir='ltr'><em>nolentes</em></span> 
     </span>
     <span class='ocr_line' id='line_1_97' title="bbox 1097 1353 1902 1436; baseline -0.01 -24"><span class='ocrx_word' id='word_1_660' title='bbox 1097 1359 1186 1412; x_wconf 89' lang='lat' dir='ltr'><em>subire</em></span> <span class='ocrx_word' id='word_1_661' title='bbox 1205 1357 1324 1436; x_wconf 85' lang='lat' dir='ltr'><em>compelli</em></span> <span class='ocrx_word' id='word_1_662' title='bbox 1340 1371 1389 1410; x_wconf 89' lang='lat' dir='ltr'><em>nec</em></span> <span class='ocrx_word' id='word_1_663' title='bbox 1403 1355 1572 1410; x_wconf 84' lang='lat' dir='ltr'><em>exhibitionis</em></span> <span class='ocrx_word' id='word_1_664' title='bbox 1581 1371 1628 1410; x_wconf 90' lang='lat' dir='ltr'><em>seu</em></span> <span class='ocrx_word' id='word_1_665' title='bbox 1643 1353 1808 1408; x_wconf 88' lang='lat' dir='ltr'><em>deductionis</em></span> <span class='ocrx_word' id='word_1_666' title='bbox 1823 1367 1902 1408; x_wconf 88' lang='lat' dir='ltr'><em>onere</em></span> 
     </span>
     <span class='ocr_line' id='line_1_98' title="bbox 1097 1423 1901 1494; baseline -0.002 -16"><span class='ocrx_word' id='word_1_667' title='bbox 1097 1425 1148 1480; x_wconf 87' lang='lat' dir='ltr'><em>nisi</em></span> <span class='ocrx_word' id='word_1_668' title='bbox 1169 1425 1278 1494; x_wconf 86' lang='lat' dir='ltr'><em>specialr</em></span> <span class='ocrx_word' id='word_1_669' title='bbox 1300 1425 1461 1478; x_wconf 87' lang='lat' dir='ltr'><em>auctoritate</em></span> <span class='ocrx_word' id='word_1_670' title='bbox 1484 1427 1577 1478; x_wconf 89' lang='lat' dir='ltr'><em>nostra</em></span> <span class='ocrx_word' id='word_1_671' title='bbox 1598 1423 1734 1476; x_wconf 89' lang='lat' dir='ltr'><em>molestari</em></span> <span class='ocrx_word' id='word_1_672' title='bbox 1752 1427 1779 1476; x_wconf 91' lang='lat' dir='ltr'><em>ot</em></span> <span class='ocrx_word' id='word_1_673' title='bbox 1795 1423 1822 1476; x_wconf 88' lang='lat' dir='ltr'><em>in</em></span> <span class='ocrx_word' id='word_1_674' title='bbox 1839 1437 1901 1490; x_wconf 89' lang='lat' dir='ltr'><em>pro·</em></span> 
     </span>
     <span class='ocr_line' id='line_1_99' title="bbox 1097 1491 1901 1560; baseline -0.007 -12"><span class='ocrx_word' id='word_1_675' title='bbox 1097 1493 1182 1548; x_wconf 90' lang='lat' dir='ltr'><em>vincia</em></span> <span class='ocrx_word' id='word_1_676' title='bbox 1199 1491 1359 1548; x_wconf 90' lang='lat' dir='ltr'><em>incusandos</em></span> <span class='ocrx_word' id='word_1_677' title='bbox 1377 1509 1425 1560; x_wconf 90' lang='lat' dir='ltr'><em>per</em></span> <span class='ocrx_word' id='word_1_678' title='bbox 1442 1493 1599 1548; x_wconf 89' lang='lat' dir='ltr'><em>sententiam</em></span> <span class='ocrx_word' id='word_1_679' title='bbox 1617 1491 1665 1546; x_wconf 88' lang='lat' dir='ltr'><em>viri</em></span> <span class='ocrx_word' id='word_1_680' title='bbox 1688 1491 1839 1558; x_wconf 87' lang='lat' dir='ltr'><em>spectabilis</em></span> <span class='ocrx_word' id='word_1_681' title='bbox 1858 1503 1901 1542; x_wconf 88' lang='lat' dir='ltr'><em>co-</em></span> 
     </span>
     <span class='ocr_line' id='line_1_100' title="bbox 1096 1557 1902 1630; baseline -0.007 -16"><span class='ocrx_word' id='word_1_682' title='bbox 1096 1561 1167 1614; x_wconf 91' lang='lat' dir='ltr'><em>mitis</em></span> <span class='ocrx_word' id='word_1_683' title='bbox 1194 1561 1308 1616; x_wconf 90' lang='lat' dir='ltr'><em>Orientis</em></span> <span class='ocrx_word' id='word_1_684' title='bbox 1326 1563 1429 1630; x_wconf 70' lang='lat' dir='ltr'><em>[utpote</em></span> <span class='ocrx_word' id='word_1_685' title='bbox 1456 1559 1629 1628; x_wconf 86' lang='lat' dir='ltr'><em>competentis</em></span> <span class='ocrx_word' id='word_1_686' title='bbox 1650 1557 1745 1614; x_wconf 90' lang='lat' dir='ltr'><em>iudicis</em></span> <span class='ocrx_word' id='word_1_687' title='bbox 1769 1557 1902 1612; x_wconf 88' lang='lat' dir='ltr'><em>conveniri</em></span> 
     </span>
     <span class='ocr_line' id='line_1_101' title="bbox 1096 1625 1902 1698; baseline -0.01 -14"><span class='ocrx_word' id='word_1_688' title='bbox 1096 1635 1176 1698; x_wconf 88' lang='lat' dir='ltr'><em>atque</em></span> <span class='ocrx_word' id='word_1_689' title='bbox 1198 1629 1302 1698; x_wconf 83' lang='lat' dir='ltr'><em>litigare</em></span> <span class='ocrx_word' id='word_1_690' title='bbox 1325 1629 1498 1684; x_wconf 88' lang='lat' dir='ltr'><em>decernimus.</em></span> <span class='ocrx_word' id='word_1_691' title='bbox 1541 1627 1574 1682; x_wconf 87' lang='lat' dir='ltr'><em>D.</em></span> <span class='ocrx_word' id='word_1_692' title='bbox 1592 1627 1618 1680; x_wconf 85' lang='lat' dir='ltr'><em>b.</em></span> <span class='ocrx_word' id='word_1_693' title='bbox 1643 1625 1727 1680; x_wconf 72' lang='lat' dir='ltr'><em>Iure</em></span> <span class='ocrx_word' id='word_1_694' title='bbox 1752 1625 1902 1680; x_wconf 78' lang='lat' dir='ltr'><em>Constantii-</em></span> 
     </span>
     <span class='ocr_line' id='line_1_102' title="bbox 1097 1695 1902 1758; baseline -0.005 -8"><span class='ocrx_word' id='word_1_695' title='bbox 1097 1713 1132 1752; x_wconf 92' lang='lat' dir='ltr'><em>no</em></span> <span class='ocrx_word' id='word_1_696' title='bbox 1155 1697 1191 1752; x_wconf 87' lang='lat' dir='ltr'><em>oti</em></span> <span class='ocrx_word' id='word_1_697' title='bbox 1210 1695 1359 1752; x_wconf 82' lang='lat' dir='ltr'><em>Sabiniano</em></span> <span class='ocrx_word' id='word_1_698' title='bbox 1378 1703 1404 1752; x_wconf 86' lang='lat' dir='ltr'><em>ot</em></span> <span class='ocrx_word' id='word_1_699' title='bbox 1423 1695 1564 1750; x_wconf 82' lang='lat' dir='ltr'><em>Theodoro</em></span> <span class='ocrx_word' id='word_1_700' title='bbox 1584 1711 1670 1750; x_wconf 84' lang='lat' dir='ltr'><em>conss.</em></span> <span class='ocrx_word' id='word_1_701' title='bbox 1790 1699 1824 1758; x_wconf 92' lang='lat' dir='ltr'><em>[a.</em></span> <span class='ocrx_word' id='word_1_702' title='bbox 1843 1695 1902 1756; x_wconf 77' lang='lat' dir='ltr'><em>ibi]</em></span> 
     </span>
    </p>

    <p class='ocr_par' dir='ltr' id='par_1_21' title="bbox 1095 1713 1904 4350">
     <span class='ocr_line' id='line_1_103' title="bbox 1128 1713 1902 1884; baseline -0.01 -62"><span class='ocrx_word' id='word_1_703' title='bbox 1128 1713 1170 1822; x_wconf 76' lang='grc'>23</span> <span class='ocrx_word' id='word_1_704' title='bbox 1195 1763 1234 1834; x_wconf 83' lang='grc'><em>(4)</em></span> <span class='ocrx_word' id='word_1_705' title='bbox 1258 1761 1332 1818; x_wconf 80' lang='lat' dir='ltr'><em>idom</em></span> <span class='ocrx_word' id='word_1_706' title='bbox 1356 1765 1387 1818; x_wconf 85' lang='lat' dir='ltr'><em>A.</em></span> <span class='ocrx_word' id='word_1_707' title='bbox 1406 1761 1552 1818; x_wconf 70' lang='lat' dir='ltr'><em>Enitatbio</em></span> <span class='ocrx_word' id='word_1_708' title='bbox 1565 1779 1616 1884; x_wconf 63' lang='lat' dir='ltr'><em>pp·</em></span> <span class='ocrx_word' id='word_1_709' title='bbox 1655 1759 1803 1816; x_wconf 84' lang='lat' dir='ltr'><em>Laudabile</em></span> <span class='ocrx_word' id='word_1_710' title='bbox 1820 1759 1902 1814; x_wconf 87' lang='lat' dir='ltr'><em>vitae-</em></span> 
     </span>
     <span class='ocr_line' id='line_1_104' title="bbox 1098 1827 1902 1902; baseline -0.007 -14"><span class='ocrx_word' id='word_1_711' title='bbox 1098 1851 1149 1902; x_wconf 89' lang='lat' dir='ltr'><em>que</em></span> <span class='ocrx_word' id='word_1_712' title='bbox 1182 1833 1317 1888; x_wconf 88' lang='lat' dir='ltr'><em>hominum</em></span> <span class='ocrx_word' id='word_1_713' title='bbox 1351 1831 1530 1886; x_wconf 85' lang='lat' dir='ltr'><em>necessarium</em></span> <span class='ocrx_word' id='word_1_714' title='bbox 1565 1829 1745 1886; x_wconf 83' lang='lat' dir='ltr'><em>evocationis</em></span> <span class='ocrx_word' id='word_1_715' title='bbox 1785 1827 1902 1884; x_wconf 86' lang='lat' dir='ltr'><em>cilicium</em></span> 
     </span>
     <span class='ocr_line' id='line_1_105' title="bbox 1097 1897 1902 1970; baseline -0.007 -14"><span class='ocrx_word' id='word_1_716' title='bbox 1097 1903 1209 1956; x_wconf 90' lang='lat' dir='ltr'><em>maxime</em></span> <span class='ocrx_word' id='word_1_717' title='bbox 1232 1899 1425 1970; x_wconf 87' lang='lat' dir='ltr'><em>principalibus</em></span> <span class='ocrx_word' id='word_1_718' title='bbox 1448 1899 1572 1968; x_wconf 90' lang='lat' dir='ltr'><em>praemiis</em></span> <span class='ocrx_word' id='word_1_719' title='bbox 1597 1903 1701 1968; x_wconf 91' lang='lat' dir='ltr'><em>oportet</em></span> <span class='ocrx_word' id='word_1_720' title='bbox 1731 1897 1902 1952; x_wconf 86' lang='lat' dir='ltr'><em>remunerari.</em></span> 
     </span>
     <span class='ocr_line' id='line_1_106' title="bbox 1099 1965 1903 2038; baseline -0.005 -16"><span class='ocrx_word' id='word_1_721' title='bbox 1099 1975 1110 2022; x_wconf 90' lang='lat' dir='ltr'><em>i</em></span> <span class='ocrx_word' id='word_1_722' title='bbox 1146 1971 1261 2038; x_wconf 90' lang='lat' dir='ltr'><em>Ideoque</em></span> <span class='ocrx_word' id='word_1_723' title='bbox 1283 1969 1403 2023; x_wconf 90' lang='lat' dir='ltr'><em>iubemus</em></span> <span class='ocrx_word' id='word_1_724' title='bbox 1421 1969 1492 2022; x_wconf 89' lang='lat' dir='ltr'><em>viros</em></span> <span class='ocrx_word' id='word_1_725' title='bbox 1520 1969 1679 2022; x_wconf 80' lang='lat' dir='ltr'><em>clarIssimos</em></span> <span class='ocrx_word' id='word_1_726' title='bbox 1697 1965 1756 2020; x_wconf 88' lang='lat' dir='ltr'><em>fisci</em></span> <span class='ocrx_word' id='word_1_727' title='bbox 1772 1983 1819 2034; x_wconf 91' lang='lat' dir='ltr'><em>pro</em></span> <span class='ocrx_word' id='word_1_728' title='bbox 1837 1969 1903 2018; x_wconf 88' lang='lat' dir='ltr'><em>tern-</em></span> 
     </span>
     <span class='ocr_line' id='line_1_107' title="bbox 1096 2033 1903 2160; baseline -0.007 -68"><span class='ocrx_word' id='word_1_729' title='bbox 1096 2055 1161 2160; x_wconf 84' lang='lat' dir='ltr'><em>pore</em></span> <span class='ocrx_word' id='word_1_730' title='bbox 1194 2043 1322 2106; x_wconf 91' lang='lat' dir='ltr'><em>patronos</em></span> <span class='ocrx_word' id='word_1_731' title='bbox 1352 2037 1404 2090; x_wconf 89' lang='lat' dir='ltr'><em>fori</em></span> <span class='ocrx_word' id='word_1_732' title='bbox 1433 2041 1497 2090; x_wconf 89' lang='lat' dir='ltr'><em>tuae</em></span> <span class='ocrx_word' id='word_1_733' title='bbox 1525 2035 1687 2090; x_wconf 87' lang='lat' dir='ltr'><em>celsitudinis</em></span> <span class='ocrx_word' id='word_1_734' title='bbox 1715 2033 1833 2088; x_wconf 91' lang='lat' dir='ltr'><em>sollemni</em></span> <span class='ocrx_word' id='word_1_735' title='bbox 1862 2033 1903 2086; x_wconf 88' lang='lat' dir='ltr'><em>die</em></span> 
     </span>
     <span class='ocr_line' id='line_1_108' title="bbox 1109 2101 1902 2172; baseline -0.008 -12"><span class='ocrx_word' id='word_1_736' title='bbox 1109 2107 1247 2160; x_wconf 91' lang='lat' dir='ltr'><em>estivitatis</em></span> <span class='ocrx_word' id='word_1_737' title='bbox 1256 2103 1619 2160; x_wconf 86' lang='lat' dir='ltr'><em>kalendarumlanuariarum</em></span> <span class='ocrx_word' id='word_1_738' title='bbox 1628 2103 1712 2172; x_wconf 90' lang='lat' dir='ltr'><em>ipsius</em></span> <span class='ocrx_word' id='word_1_739' title='bbox 1721 2101 1902 2156; x_wconf 89' lang='lat' dir='ltr'><em>tantummodo</em></span> 
     </span>
     <span class='ocr_line' id='line_1_109' title="bbox 1097 2169 1903 2244; baseline -0.007 -16"><span class='ocrx_word' id='word_1_740' title='bbox 1097 2175 1174 2240; x_wconf 88' lang='lat' dir='ltr'><em>anni,</em></span> <span class='ocrx_word' id='word_1_741' title='bbox 1198 2189 1245 2244; x_wconf 89' lang='lat' dir='ltr'><em>per</em></span> <span class='ocrx_word' id='word_1_742' title='bbox 1269 2187 1346 2242; x_wconf 88' lang='lat' dir='ltr'><em>quem</em></span> <span class='ocrx_word' id='word_1_743' title='bbox 1369 2173 1422 2226; x_wconf 90' lang='lat' dir='ltr'><em>tale</em></span> <span class='ocrx_word' id='word_1_744' title='bbox 1445 2178 1577 2240; x_wconf 88' lang='lat' dir='ltr'><em>peragunt</em></span> <span class='ocrx_word' id='word_1_745' title='bbox 1594 2169 1718 2238; x_wconf 85' lang='lat' dir='ltr'><em>officium,</em></span> <span class='ocrx_word' id='word_1_746' title='bbox 1741 2171 1810 2224; x_wconf 90' lang='lat' dir='ltr'><em>inter</em></span> <span class='ocrx_word' id='word_1_747' title='bbox 1827 2185 1903 2238; x_wconf 88' lang='lat' dir='ltr'><em>spec-</em></span> 
     </span>
     <span class='ocr_line' id='line_1_110' title="bbox 1098 2239 1903 2298; baseline -0.004 -2"><span class='ocrx_word' id='word_1_748' title='bbox 1098 2241 1194 2298; x_wconf 87' lang='lat' dir='ltr'><em>tabiles</em></span> <span class='ocrx_word' id='word_1_749' title='bbox 1212 2241 1283 2296; x_wconf 87' lang='lat' dir='ltr'><em>sacri</em></span> <span class='ocrx_word' id='word_1_750' title='bbox 1299 2241 1385 2296; x_wconf 89' lang='lat' dir='ltr'><em>nostri</em></span> <span class='ocrx_word' id='word_1_751' title='bbox 1403 2241 1555 2296; x_wconf 89' lang='lat' dir='ltr'><em>consistorii</em></span> <span class='ocrx_word' id='word_1_752' title='bbox 1572 2241 1681 2294; x_wconf 90' lang='lat' dir='ltr'><em>comites</em></span> <span class='ocrx_word' id='word_1_753' title='bbox 1696 2239 1783 2294; x_wconf 91' lang='lat' dir='ltr'><em>divina</em></span> <span class='ocrx_word' id='word_1_754' title='bbox 1797 2241 1903 2292; x_wconf 88' lang='lat' dir='ltr'><em>nostrae</em></span> 
     </span>
     <span class='ocr_line' id='line_1_111' title="bbox 1098 2305 1904 2378; baseline -0.009 -13"><span class='ocrx_word' id='word_1_755' title='bbox 1098 2315 1112 2364; x_wconf 91' lang='grc'><em>2</em></span> <span class='ocrx_word' id='word_1_756' title='bbox 1148 2309 1296 2364; x_wconf 87' lang='lat' dir='ltr'><em>serenitatis</em></span> <span class='ocrx_word' id='word_1_757' title='bbox 1314 2325 1395 2362; x_wconf 87' lang='lat' dir='ltr'><em>manu</em></span> <span class='ocrx_word' id='word_1_758' title='bbox 1412 2309 1533 2378; x_wconf 80' lang='lat' dir='ltr'><em>puncti¹²</em></span> <span class='ocrx_word' id='word_1_759' title='bbox 1556 2307 1681 2376; x_wconf 91' lang='lat' dir='ltr'><em>consequi</em></span> <span class='ocrx_word' id='word_1_760' title='bbox 1699 2305 1834 2362; x_wconf 88' lang='lat' dir='ltr'><em>solacium.</em></span> <span class='ocrx_word' id='word_1_761' title='bbox 1867 2305 1904 2358; x_wconf 86' lang='lat' dir='ltr'><em>Et</em></span> 
     </span>
     <span class='ocr_line' id='line_1_112' title="bbox 1097 2373 1902 2448; baseline -0.005 -16"><span class='ocrx_word' id='word_1_762' title='bbox 1097 2383 1237 2448; x_wconf 88' lang='lat' dir='ltr'><em>postquam</em></span> <span class='ocrx_word' id='word_1_763' title='bbox 1254 2379 1308 2430; x_wconf 91' lang='lat' dir='ltr'><em>tale</em></span> <span class='ocrx_word' id='word_1_764' title='bbox 1326 2375 1497 2446; x_wconf 87' lang='lat' dir='ltr'><em>deposuerint</em></span> <span class='ocrx_word' id='word_1_765' title='bbox 1515 2377 1643 2442; x_wconf 83' lang='lat' dir='ltr'><em>officium,</em></span> <span class='ocrx_word' id='word_1_766' title='bbox 1667 2373 1691 2430; x_wconf 87' lang='lat' dir='ltr'><em>si</em></span> <span class='ocrx_word' id='word_1_767' title='bbox 1713 2375 1818 2444; x_wconf 89' lang='lat' dir='ltr'><em>quidem</em></span> <span class='ocrx_word' id='word_1_768' title='bbox 1835 2373 1902 2428; x_wconf 89' lang='lat' dir='ltr'><em>filios</em></span> 
     </span>
     <span class='ocr_line' id='line_1_113' title="bbox 1098 2441 1902 2514; baseline -0.005 -14"><span class='ocrx_word' id='word_1_769' title='bbox 1098 2447 1225 2514; x_wconf 90' lang='lat' dir='ltr'><em>ingenuos</em></span> <span class='ocrx_word' id='word_1_770' title='bbox 1242 2445 1366 2508; x_wconf 86' lang='lat' dir='ltr'><em>habeant,</em></span> <span class='ocrx_word' id='word_1_771' title='bbox 1394 2461 1438 2500; x_wconf 90' lang='lat' dir='ltr'><em>eos</em></span> <span class='ocrx_word' id='word_1_772' title='bbox 1457 2445 1663 2500; x_wconf 89' lang='lat' dir='ltr'><em>clarissimorum</em></span> <span class='ocrx_word' id='word_1_773' title='bbox 1681 2443 1845 2498; x_wconf 88' lang='lat' dir='ltr'><em>notariorum</em></span> <span class='ocrx_word' id='word_1_774' title='bbox 1862 2441 1902 2496; x_wconf 90' lang='lat' dir='ltr'><em>in-</em></span> 
     </span>
     <span class='ocr_line' id='line_1_114' title="bbox 1097 2511 1903 2580; baseline -0.007 -12"><span class='ocrx_word' id='word_1_775' title='bbox 1097 2515 1150 2568; x_wconf 90' lang='lat' dir='ltr'><em>seri</em></span> <span class='ocrx_word' id='word_1_776' title='bbox 1176 2513 1308 2568; x_wconf 87' lang='lat' dir='ltr'><em>consortio</em></span> <span class='ocrx_word' id='word_1_777' title='bbox 1335 2513 1517 2574; x_wconf 89' lang='lat' dir='ltr'><em>tribunorum,</em></span> <span class='ocrx_word' id='word_1_778' title='bbox 1541 2527 1632 2568; x_wconf 87' lang='lat' dir='ltr'><em>sacras</em></span> <span class='ocrx_word' id='word_1_779' title='bbox 1658 2511 1750 2566; x_wconf 88' lang='lat' dir='ltr'><em>solitas</em></span> <span class='ocrx_word' id='word_1_780' title='bbox 1776 2511 1903 2580; x_wconf 89' lang='lat' dir='ltr'><em>epistulas</em></span> 
     </span>
     <span class='ocr_line' id='line_1_115' title="bbox 1100 2577 1904 2652; baseline -0.009 -16"><span class='ocrx_word' id='word_1_781' title='bbox 1100 2589 1113 2636; x_wconf 88' lang='lat'>3</span> <span class='ocrx_word' id='word_1_782' title='bbox 1150 2583 1206 2636; x_wconf 89' lang='lat' dir='ltr'><em>sine</em></span> <span class='ocrx_word' id='word_1_783' title='bbox 1224 2581 1338 2652; x_wconf 89' lang='lat' dir='ltr'><em>quadam</em></span> <span class='ocrx_word' id='word_1_784' title='bbox 1356 2581 1476 2650; x_wconf 84' lang='lat' dir='ltr'><em>suffragii</em></span> <span class='ocrx_word' id='word_1_785' title='bbox 1493 2581 1625 2636; x_wconf 78' lang='lat' dir='ltr'><em>solutione</em></span> <span class='ocrx_word' id='word_1_786' title='bbox 1642 2583 1823 2648; x_wconf 88' lang='lat' dir='ltr'><em>percepturos.</em></span> <span class='ocrx_word' id='word_1_787' title='bbox 1867 2577 1904 2630; x_wconf 87' lang='lat' dir='ltr'><em>Et</em></span> 
     </span>
     <span class='ocr_line' id='line_1_116' title="bbox 1097 2645 1902 2718; baseline -0.007 -12"><span class='ocrx_word' id='word_1_788' title='bbox 1097 2649 1120 2706; x_wconf 90' lang='lat' dir='ltr'><em>si</em></span> <span class='ocrx_word' id='word_1_789' title='bbox 1151 2651 1209 2718; x_wconf 91' lang='lat' dir='ltr'><em>quis</em></span> <span class='ocrx_word' id='word_1_790' title='bbox 1240 2665 1289 2718; x_wconf 91' lang='lat' dir='ltr'><em>per</em></span> <span class='ocrx_word' id='word_1_791' title='bbox 1320 2649 1478 2704; x_wconf 88' lang='lat' dir='ltr'><em>seutentiam</em></span> <span class='ocrx_word' id='word_1_792' title='bbox 1504 2647 1674 2704; x_wconf 85' lang='lat' dir='ltr'><em>sublimitatis</em></span> <span class='ocrx_word' id='word_1_793' title='bbox 1700 2653 1762 2702; x_wconf 90' lang='lat' dir='ltr'><em>tuae</em></span> <span class='ocrx_word' id='word_1_794' title='bbox 1788 2645 1902 2702; x_wconf 86' lang='lat' dir='ltr'><em>monitus</em></span> 
     </span>
     <span class='ocr_line' id='line_1_117' title="bbox 1097 2715 1902 2788; baseline -0.007 -16"><span class='ocrx_word' id='word_1_795' title='bbox 1097 2735 1177 2788; x_wconf 88' lang='lat' dir='ltr'><em>super</em></span> <span class='ocrx_word' id='word_1_796' title='bbox 1201 2717 1290 2786; x_wconf 90' lang='lat' dir='ltr'><em>agnito</em></span> <span class='ocrx_word' id='word_1_797' title='bbox 1315 2717 1404 2772; x_wconf 90' lang='lat' dir='ltr'><em>debito</em></span> <span class='ocrx_word' id='word_1_798' title='bbox 1427 2717 1469 2770; x_wconf 90' lang='lat' dir='ltr'><em>vol</em></span> <span class='ocrx_word' id='word_1_799' title='bbox 1486 2717 1578 2784; x_wconf 90' lang='lat' dir='ltr'><em>agnita</em></span> <span class='ocrx_word' id='word_1_800' title='bbox 1601 2731 1696 2780; x_wconf 89' lang='lat' dir='ltr'><em>causa,</em></span> <span class='ocrx_word' id='word_1_801' title='bbox 1720 2731 1788 2784; x_wconf 88' lang='lat' dir='ltr'><em>quae</em></span> <span class='ocrx_word' id='word_1_802' title='bbox 1805 2715 1902 2782; x_wconf 84' lang='lat' dir='ltr'><em>ingeri-</em></span> 
     </span>
     <span class='ocr_line' id='line_1_118' title="bbox 1097 2785 1903 2854; baseline -0.007 -14"><span class='ocrx_word' id='word_1_803' title='bbox 1097 2793 1141 2840; x_wconf 89' lang='lat' dir='ltr'><em>tur</em></span> <span class='ocrx_word' id='word_1_804' title='bbox 1160 2787 1197 2854; x_wconf 90' lang='lat' dir='ltr'><em>ei,</em></span> <span class='ocrx_word' id='word_1_805' title='bbox 1221 2785 1413 2840; x_wconf 86' lang='lat' dir='ltr'><em>confessionem</em></span> <span class='ocrx_word' id='word_1_806' title='bbox 1431 2799 1563 2854; x_wconf 81' lang='lat' dir='ltr'><em>exponere</em></span> <span class='ocrx_word' id='word_1_807' title='bbox 1580 2791 1690 2854; x_wconf 90' lang='lat' dir='ltr'><em>paratus</em></span> <span class='ocrx_word' id='word_1_808' title='bbox 1708 2785 1749 2850; x_wconf 89' lang='lat' dir='ltr'><em>sit,</em></span> <span class='ocrx_word' id='word_1_809' title='bbox 1774 2799 1832 2838; x_wconf 90' lang='lat' dir='ltr'><em>eam</em></span> <span class='ocrx_word' id='word_1_810' title='bbox 1849 2799 1903 2838; x_wconf 90' lang='lat' dir='ltr'><em>non</em></span> 
     </span>
     <span class='ocr_line' id='line_1_119' title="bbox 1099 2849 1904 2922; baseline -0.007 -12"><span class='ocrx_word' id='word_1_811' title='bbox 1099 2855 1198 2910; x_wconf 89' lang='lat' dir='ltr'><em>arbitro</em></span> <span class='ocrx_word' id='word_1_812' title='bbox 1218 2855 1345 2922; x_wconf 88' lang='lat' dir='ltr'><em>delegato,</em></span> <span class='ocrx_word' id='word_1_813' title='bbox 1364 2853 1410 2908; x_wconf 90' lang='lat' dir='ltr'><em>sed</em></span> <span class='ocrx_word' id='word_1_814' title='bbox 1427 2859 1493 2908; x_wconf 89' lang='lat' dir='ltr'><em>tunc</em></span> <span class='ocrx_word' id='word_1_815' title='bbox 1511 2853 1637 2922; x_wconf 88' lang='lat' dir='ltr'><em>temporis</em></span> <span class='ocrx_word' id='word_1_816' title='bbox 1654 2851 1713 2906; x_wconf 89' lang='lat' dir='ltr'><em>fisci</em></span> <span class='ocrx_word' id='word_1_817' title='bbox 1727 2853 1848 2920; x_wconf 86' lang='lat' dir='ltr'><em>patronis</em></span> <span class='ocrx_word' id='word_1_818' title='bbox 1862 2849 1904 2904; x_wconf 82' lang='lat' dir='ltr'><em>rel</em></span> 
     </span>
     <span class='ocr_line' id='line_1_120' title="bbox 1097 2919 1903 2988; baseline -0.005 -12"><span class='ocrx_word' id='word_1_819' title='bbox 1097 2923 1217 2976; x_wconf 88' lang='lat' dir='ltr'><em>alterutri</em></span> <span class='ocrx_word' id='word_1_820' title='bbox 1235 2937 1334 2988; x_wconf 90' lang='lat' dir='ltr'><em>eorum,</em></span> <span class='ocrx_word' id='word_1_821' title='bbox 1352 2923 1375 2976; x_wconf 91' lang='lat' dir='ltr'><em>si</em></span> <span class='ocrx_word' id='word_1_822' title='bbox 1392 2923 1460 2976; x_wconf 88' lang='lat' dir='ltr'><em>alter</em></span> <span class='ocrx_word' id='word_1_823' title='bbox 1477 2919 1571 2976; x_wconf 88' lang='lat' dir='ltr'><em>adesse</em></span> <span class='ocrx_word' id='word_1_824' title='bbox 1587 2937 1641 2976; x_wconf 92' lang='lat' dir='ltr'><em>non</em></span> <span class='ocrx_word' id='word_1_825' title='bbox 1656 2919 1749 2988; x_wconf 85' lang='lat' dir='ltr'><em>possit,</em></span> <span class='ocrx_word' id='word_1_826' title='bbox 1766 2937 1815 2988; x_wconf 87' lang='lat' dir='ltr'><em>pro</em></span> <span class='ocrx_word' id='word_1_827' title='bbox 1830 2933 1903 2974; x_wconf 89' lang='lat' dir='ltr'><em>mere</em></span> 
     </span>
     <span class='ocr_line' id='line_1_121' title="bbox 1096 2987 1902 3046; baseline -0.007 -2"><span class='ocrx_word' id='word_1_828' title='bbox 1096 2997 1185 3046; x_wconf 90' lang='lat' dir='ltr'><em>tamen</em></span> <span class='ocrx_word' id='word_1_829' title='bbox 1214 2989 1294 3044; x_wconf 89' lang='lat' dir='ltr'><em>solito</em></span> <span class='ocrx_word' id='word_1_830' title='bbox 1328 2991 1377 3044; x_wconf 90' lang='lat' dir='ltr'><em>sub</em></span> <span class='ocrx_word' id='word_1_831' title='bbox 1409 2995 1530 3044; x_wconf 87' lang='lat' dir='ltr'><em>actorum</em></span> <span class='ocrx_word' id='word_1_832' title='bbox 1562 2987 1748 3044; x_wconf 85' lang='lat' dir='ltr'><em>testificatione</em></span> <span class='ocrx_word' id='word_1_833' title='bbox 1778 2987 1902 3042; x_wconf 87' lang='lat' dir='ltr'><em>intirnari.</em></span> 
     </span>
     <span class='ocr_line' id='line_1_122' title="bbox 1096 3055 1902 3126; baseline -0.009 -12"><span class='ocrx_word' id='word_1_834' title='bbox 1096 3065 1112 3114; x_wconf 91' lang='grc'>4</span> <span class='ocrx_word' id='word_1_835' title='bbox 1139 3057 1318 3126; x_wconf 75' lang='lat' dir='ltr'><em>Quotiensque</em></span> <span class='ocrx_word' id='word_1_836' title='bbox 1335 3057 1368 3112; x_wconf 87' lang='lat' dir='ltr'><em>de</em></span> <span class='ocrx_word' id='word_1_837' title='bbox 1385 3057 1485 3126; x_wconf 88' lang='lat' dir='ltr'><em>nuptiis</em></span> <span class='ocrx_word' id='word_1_838' title='bbox 1505 3057 1562 3126; x_wconf 73' lang='lat' dir='ltr'><em>quIs</em></span> <span class='ocrx_word' id='word_1_839' title='bbox 1580 3057 1637 3112; x_wconf 89' lang='lat' dir='ltr'><em>sine</em></span> <span class='ocrx_word' id='word_1_840' title='bbox 1654 3055 1788 3110; x_wconf 89' lang='lat' dir='ltr'><em>dotalibus</em></span> <span class='ocrx_word' id='word_1_841' title='bbox 1804 3057 1902 3110; x_wconf 83' lang='lat' dir='ltr'><em>instru-</em></span> 
     </span>
     <span class='ocr_line' id='line_1_123' title="bbox 1096 3123 1902 3182; baseline -0.005 -2"><span class='ocrx_word' id='word_1_842' title='bbox 1096 3127 1190 3182; x_wconf 87' lang='lat' dir='ltr'><em>mentis</em></span> <span class='ocrx_word' id='word_1_843' title='bbox 1208 3131 1299 3180; x_wconf 90' lang='lat' dir='ltr'><em>mutuc</em></span> <span class='ocrx_word' id='word_1_844' title='bbox 1319 3125 1493 3182; x_wconf 88' lang='lat' dir='ltr'><em>contrahendi</em></span> <span class='ocrx_word' id='word_1_845' title='bbox 1516 3125 1711 3180; x_wconf 88' lang='lat' dir='ltr'><em>matrimonium</em></span> <span class='ocrx_word' id='word_1_846' title='bbox 1729 3125 1815 3178; x_wconf 89' lang='lat' dir='ltr'><em>animo</em></span> <span class='ocrx_word' id='word_1_847' title='bbox 1835 3123 1902 3176; x_wconf 90' lang='lat' dir='ltr'><em>cele-</em></span> 
     </span>
     <span class='ocr_line' id='line_1_124' title="bbox 1095 3193 1902 3264; baseline -0.007 -14"><span class='ocrx_word' id='word_1_848' title='bbox 1095 3195 1179 3250; x_wconf 85' lang='lat' dir='ltr'><em>bratis</em></span> <span class='ocrx_word' id='word_1_849' title='bbox 1203 3209 1283 3264; x_wconf 88' lang='lat' dir='ltr'><em>super</em></span> <span class='ocrx_word' id='word_1_850' title='bbox 1301 3193 1407 3248; x_wconf 87' lang='lat' dir='ltr'><em>adfectu</em></span> <span class='ocrx_word' id='word_1_851' title='bbox 1426 3209 1491 3258; x_wconf 89' lang='lat' dir='ltr'><em>suc,</em></span> <span class='ocrx_word' id='word_1_852' title='bbox 1515 3193 1604 3248; x_wconf 89' lang='lat' dir='ltr'><em>liberis</em></span> <span class='ocrx_word' id='word_1_853' title='bbox 1622 3209 1655 3246; x_wconf 78' lang='lat' dir='ltr'><em>en</em></span> <span class='ocrx_word' id='word_1_854' title='bbox 1673 3193 1821 3246; x_wconf 89' lang='lat' dir='ltr'><em>huiusmodi</em></span> <span class='ocrx_word' id='word_1_855' title='bbox 1840 3207 1902 3246; x_wconf 87' lang='lat' dir='ltr'><em>con-</em></span> 
     </span>
     <span class='ocr_line' id='line_1_125' title="bbox 1096 3259 1903 3330; baseline -0.007 -12"><span class='ocrx_word' id='word_1_856' title='bbox 1096 3263 1167 3330; x_wconf 89' lang='lat' dir='ltr'><em>iugio</em></span> <span class='ocrx_word' id='word_1_857' title='bbox 1188 3265 1241 3316; x_wconf 92' lang='lat' dir='ltr'><em>iam</em></span> <span class='ocrx_word' id='word_1_858' title='bbox 1265 3263 1417 3316; x_wconf 82' lang='lat' dir='ltr'><em>extantibus</em></span> <span class='ocrx_word' id='word_1_859' title='bbox 1441 3261 1482 3316; x_wconf 92' lang='lat' dir='ltr'><em>vel</em></span> <span class='ocrx_word' id='word_1_860' title='bbox 1506 3261 1617 3316; x_wconf 90' lang='lat' dir='ltr'><em>necdum</em></span> <span class='ocrx_word' id='word_1_861' title='bbox 1639 3261 1801 3330; x_wconf 88' lang='lat' dir='ltr'><em>procreatis,</em></span> <span class='ocrx_word' id='word_1_862' title='bbox 1818 3259 1903 3326; x_wconf 90' lang='lat' dir='ltr'><em>legiti-</em></span> 
     </span>
     <span class='ocr_line' id='line_1_126' title="bbox 1097 3327 1904 3400; baseline -0.007 -16"><span class='ocrx_word' id='word_1_863' title='bbox 1097 3333 1146 3384; x_wconf 90' lang='lat' dir='ltr'><em>mis</em></span> <span class='ocrx_word' id='word_1_864' title='bbox 1172 3331 1383 3400; x_wconf 86' lang='lat' dir='ltr'><em>adlegationibus</em></span> <span class='ocrx_word' id='word_1_865' title='bbox 1409 3331 1449 3384; x_wconf 93' lang='lat' dir='ltr'><em>uti</em></span> <span class='ocrx_word' id='word_1_866' title='bbox 1475 3330 1609 3396; x_wconf 89' lang='lat' dir='ltr'><em>maluerit,</em></span> <span class='ocrx_word' id='word_1_867' title='bbox 1637 3345 1682 3384; x_wconf 88' lang='lat' dir='ltr'><em>eas</em></span> <span class='ocrx_word' id='word_1_868' title='bbox 1708 3329 1780 3396; x_wconf 86' lang='lat' dir='ltr'><em>apud</em></span> <span class='ocrx_word' id='word_1_869' title='bbox 1798 3327 1904 3384; x_wconf 90' lang='lat' dir='ltr'><em>eosdem</em></span> 
     </span>
     <span class='ocr_line' id='line_1_127' title="bbox 1096 3397 1902 3468; baseline -0.004 -16"><span class='ocrx_word' id='word_1_870' title='bbox 1096 3417 1145 3468; x_wconf 92' lang='lat' dir='ltr'><em>pro</em></span> <span class='ocrx_word' id='word_1_871' title='bbox 1163 3403 1281 3468; x_wconf 89' lang='lat' dir='ltr'><em>ternpore</em></span> <span class='ocrx_word' id='word_1_872' title='bbox 1297 3399 1356 3452; x_wconf 88' lang='lat' dir='ltr'><em>fisci</em></span> <span class='ocrx_word' id='word_1_873' title='bbox 1373 3399 1554 3468; x_wconf 90' lang='lat' dir='ltr'><em>patronosvel</em></span> <span class='ocrx_word' id='word_1_874' title='bbox 1571 3399 1734 3462; x_wconf 86' lang='lat' dir='ltr'><em>alterutrum,</em></span> <span class='ocrx_word' id='word_1_875' title='bbox 1754 3401 1785 3450; x_wconf 90' lang='lat' dir='ltr'><em>ut</em></span> <span class='ocrx_word' id='word_1_876' title='bbox 1802 3397 1902 3450; x_wconf 90' lang='lat' dir='ltr'><em>dictum</em></span> 
     </span>
     <span class='ocr_line' id='line_1_128' title="bbox 1097 3465 1904 3534; baseline -0.005 -12"><span class='ocrx_word' id='word_1_877' title='bbox 1097 3473 1149 3534; x_wconf 88' lang='lat' dir='ltr'><em>est,</em></span> <span class='ocrx_word' id='word_1_878' title='bbox 1173 3483 1264 3522; x_wconf 88' lang='lat' dir='ltr'><em>eorum</em></span> <span class='ocrx_word' id='word_1_879' title='bbox 1289 3467 1369 3534; x_wconf 84' lang='lat' dir='ltr'><em>gestis</em></span> <span class='ocrx_word' id='word_1_880' title='bbox 1394 3465 1629 3522; x_wconf 86' lang='lat' dir='ltr'><em>intervenientibus</em></span> <span class='ocrx_word' id='word_1_881' title='bbox 1653 3465 1842 3528; x_wconf 88' lang='lat' dir='ltr'><em>commendari,</em></span> <span class='ocrx_word' id='word_1_882' title='bbox 1865 3465 1904 3518; x_wconf 89' lang='lat' dir='ltr'><em>ita</em></span> 
     </span>
     <span class='ocr_line' id='line_1_129' title="bbox 1096 3531 1903 3604; baseline 0 -16"><span class='ocrx_word' id='word_1_883' title='bbox 1096 3535 1228 3602; x_wconf 87' lang='lat' dir='ltr'><em>videlicet,</em></span> <span class='ocrx_word' id='word_1_884' title='bbox 1262 3539 1292 3588; x_wconf 93' lang='lat' dir='ltr'><em>ut</em></span> <span class='ocrx_word' id='word_1_885' title='bbox 1316 3535 1368 3588; x_wconf 89' lang='lat' dir='ltr'><em>iuri</em></span> <span class='ocrx_word' id='word_1_886' title='bbox 1395 3535 1516 3604; x_wconf 90' lang='lat' dir='ltr'><em>cognitae</em></span> <span class='ocrx_word' id='word_1_887' title='bbox 1543 3533 1722 3602; x_wconf 86' lang='lat' dir='ltr'><em>adlegationes</em></span> <span class='ocrx_word' id='word_1_888' title='bbox 1748 3531 1903 3588; x_wconf 89' lang='lat' dir='ltr'><em>absentibus</em></span> 
     </span>
     <span class='ocr_line' id='line_1_130' title="bbox 1095 3603 1902 3672; baseline -0.002 -16"><span class='ocrx_word' id='word_1_889' title='bbox 1095 3603 1230 3672; x_wconf 82' lang='lat' dir='ltr'><em>personis,</em></span> <span class='ocrx_word' id='word_1_890' title='bbox 1262 3603 1284 3656; x_wconf 89' lang='lat' dir='ltr'><em>si</em></span> <span class='ocrx_word' id='word_1_891' title='bbox 1317 3617 1385 3672; x_wconf 84' lang='lat' dir='ltr'><em>quae</em></span> <span class='ocrx_word' id='word_1_892' title='bbox 1415 3607 1583 3670; x_wconf 87' lang='lat' dir='ltr'><em>competunt,</em></span> <span class='ocrx_word' id='word_1_893' title='bbox 1616 3607 1753 3658; x_wconf 88' lang='lat' dir='ltr'><em>serventur</em></span> <span class='ocrx_word' id='word_1_894' title='bbox 1778 3603 1902 3654; x_wconf 90' lang='lat' dir='ltr'><em>intactae.</em></span> 
     </span>
     <span class='ocr_line' id='line_1_131' title="bbox 1098 3669 1903 3740; baseline -0.005 -14"><span class='ocrx_word' id='word_1_895' title='bbox 1098 3677 1111 3726; x_wconf 89' lang='lat'>5</span> <span class='ocrx_word' id='word_1_896' title='bbox 1147 3671 1195 3724; x_wconf 90' lang='lat' dir='ltr'><em>His</em></span> <span class='ocrx_word' id='word_1_897' title='bbox 1213 3671 1334 3738; x_wconf 89' lang='lat' dir='ltr'><em>insuper,</em></span> <span class='ocrx_word' id='word_1_898' title='bbox 1354 3671 1512 3740; x_wconf 89' lang='lat' dir='ltr'><em>quicumque</em></span> <span class='ocrx_word' id='word_1_899' title='bbox 1530 3669 1602 3738; x_wconf 89' lang='lat' dir='ltr'><em>apud</em></span> <span class='ocrx_word' id='word_1_900' title='bbox 1619 3671 1689 3726; x_wconf 87' lang='lat' dir='ltr'><em>viros</em></span> <span class='ocrx_word' id='word_1_901' title='bbox 1706 3669 1837 3738; x_wconf 90' lang='lat' dir='ltr'><em>gloriosos</em></span> <span class='ocrx_word' id='word_1_902' title='bbox 1855 3683 1903 3738; x_wconf 92' lang='lat' dir='ltr'><em>pro</em></span> 
     </span>
     <span class='ocr_line' id='line_1_132' title="bbox 1097 3737 1902 3806; baseline 0 -14"><span class='ocrx_word' id='word_1_903' title='bbox 1097 3745 1215 3806; x_wconf 89' lang='lat' dir='ltr'><em>tempore</em></span> <span class='ocrx_word' id='word_1_904' title='bbox 1238 3739 1360 3794; x_wconf 89' lang='lat' dir='ltr'><em>consules</em></span> <span class='ocrx_word' id='word_1_905' title='bbox 1379 3737 1512 3806; x_wconf 92' lang='lat' dir='ltr'><em>mancipia</em></span> <span class='ocrx_word' id='word_1_906' title='bbox 1535 3755 1585 3792; x_wconf 90' lang='lat' dir='ltr'><em>sua</em></span> <span class='ocrx_word' id='word_1_907' title='bbox 1602 3739 1724 3792; x_wconf 89' lang='lat' dir='ltr'><em>libertate</em></span> <span class='ocrx_word' id='word_1_908' title='bbox 1742 3739 1841 3792; x_wconf 90' lang='lat' dir='ltr'><em>donare</em></span> <span class='ocrx_word' id='word_1_909' title='bbox 1858 3753 1902 3792; x_wconf 89' lang='lat' dir='ltr'><em>vo·</em></span> 
     </span>
     <span class='ocr_line' id='line_1_133' title="bbox 1095 3807 1903 3876; baseline -0.002 -16"><span class='ocrx_word' id='word_1_910' title='bbox 1095 3807 1200 3872; x_wconf 88' lang='lat' dir='ltr'><em>luerint,</em></span> <span class='ocrx_word' id='word_1_911' title='bbox 1219 3807 1348 3860; x_wconf 89' lang='lat' dir='ltr'><em>antelatos</em></span> <span class='ocrx_word' id='word_1_912' title='bbox 1366 3807 1425 3862; x_wconf 86' lang='lat' dir='ltr'><em>fisci</em></span> <span class='ocrx_word' id='word_1_913' title='bbox 1442 3811 1569 3876; x_wconf 87' lang='lat' dir='ltr'><em>patronos</em></span> <span class='ocrx_word' id='word_1_914' title='bbox 1592 3807 1626 3860; x_wconf 89' lang='lat' dir='ltr'><em>ad</em></span> <span class='ocrx_word' id='word_1_915' title='bbox 1643 3807 1749 3860; x_wconf 89' lang='lat' dir='ltr'><em>easdem</em></span> <span class='ocrx_word' id='word_1_916' title='bbox 1766 3807 1903 3860; x_wconf 88' lang='lat' dir='ltr'><em>libertates</em></span> 
     </span>
     <span class='ocr_line' id='line_1_134' title="bbox 1095 3873 1902 3944; baseline -0.002 -14"><span class='ocrx_word' id='word_1_917' title='bbox 1095 3875 1259 3944; x_wconf 86' lang='lat' dir='ltr'><em>peragendas</em></span> <span class='ocrx_word' id='word_1_918' title='bbox 1284 3875 1419 3942; x_wconf 86' lang='lat' dir='ltr'><em>propriam</em></span> <span class='ocrx_word' id='word_1_919' title='bbox 1443 3873 1624 3930; x_wconf 89' lang='lat' dir='ltr'><em>advocationis</em></span> <span class='ocrx_word' id='word_1_920' title='bbox 1641 3889 1732 3928; x_wconf 91' lang='lat' dir='ltr'><em>vocem</em></span> <span class='ocrx_word' id='word_1_921' title='bbox 1755 3889 1902 3928; x_wconf 88' lang='lat' dir='ltr'><em>accommo-</em></span> 
     </span>
     <span class='ocr_line' id='line_1_135' title="bbox 1097 3941 1902 4012; baseline -0.002 -16"><span class='ocrx_word' id='word_1_922' title='bbox 1097 3949 1111 3996; x_wconf 89' lang='grc'><strong>6</strong></span> <span class='ocrx_word' id='word_1_923' title='bbox 1148 3943 1211 3996; x_wconf 90' lang='lat' dir='ltr'><em>dare</em></span> <span class='ocrx_word' id='word_1_924' title='bbox 1242 3943 1308 3996; x_wconf 87' lang='lat' dir='ltr'><em>Aliis</em></span> <span class='ocrx_word' id='word_1_925' title='bbox 1326 3943 1408 3996; x_wconf 88' lang='lat' dir='ltr'><em>nihilo</em></span> <span class='ocrx_word' id='word_1_926' title='bbox 1427 3943 1512 3996; x_wconf 90' lang='lat' dir='ltr'><em>miuus</em></span> <span class='ocrx_word' id='word_1_927' title='bbox 1528 3943 1676 4012; x_wconf 88' lang='lat' dir='ltr'><em>privilegiis,</em></span> <span class='ocrx_word' id='word_1_928' title='bbox 1695 3957 1762 4010; x_wconf 91' lang='lat' dir='ltr'><em>quae</em></span> <span class='ocrx_word' id='word_1_929' title='bbox 1779 3943 1831 3996; x_wconf 87' lang='lat' dir='ltr'><em>iam</em></span> <span class='ocrx_word' id='word_1_930' title='bbox 1849 3941 1902 4010; x_wconf 89' lang='lat' dir='ltr'><em>pri-</em></span> 
     </span>
     <span class='ocr_line' id='line_1_136' title="bbox 1096 4009 1903 4080; baseline -0.004 -16"><span class='ocrx_word' id='word_1_931' title='bbox 1096 4009 1155 4064; x_wconf 87' lang='lat' dir='ltr'><em>dem</em></span> <span class='ocrx_word' id='word_1_932' title='bbox 1171 4011 1322 4066; x_wconf 86' lang='lat' dir='ltr'><em>momoratis</em></span> <span class='ocrx_word' id='word_1_933' title='bbox 1339 4011 1380 4066; x_wconf 87' lang='lat' dir='ltr'><em>vel</em></span> <span class='ocrx_word' id='word_1_934' title='bbox 1397 4011 1456 4066; x_wconf 85' lang='lat' dir='ltr'><em>fisci</em></span> <span class='ocrx_word' id='word_1_935' title='bbox 1477 4011 1597 4080; x_wconf 89' lang='lat' dir='ltr'><em>patronis</em></span> <span class='ocrx_word' id='word_1_936' title='bbox 1621 4011 1661 4066; x_wconf 89' lang='lat' dir='ltr'><em>vel</em></span> <span class='ocrx_word' id='word_1_937' title='bbox 1684 4011 1772 4064; x_wconf 90' lang='lat' dir='ltr'><em>adhuc</em></span> <span class='ocrx_word' id='word_1_938' title='bbox 1790 4011 1903 4064; x_wconf 84' lang='lat' dir='ltr'><em>advoca-</em></span> 
     </span>
     <span class='ocr_line' id='line_1_137' title="bbox 1096 4077 1902 4148; baseline 0 -16"><span class='ocrx_word' id='word_1_939' title='bbox 1096 4079 1175 4134; x_wconf 89' lang='lat' dir='ltr'><em>tionis</em></span> <span class='ocrx_word' id='word_1_940' title='bbox 1206 4095 1253 4148; x_wconf 91' lang='lat' dir='ltr'><em>pro</em></span> <span class='ocrx_word' id='word_1_941' title='bbox 1286 4083 1404 4146; x_wconf 89' lang='lat' dir='ltr'><em>tempore</em></span> <span class='ocrx_word' id='word_1_942' title='bbox 1436 4079 1623 4148; x_wconf 87' lang='lat' dir='ltr'><em>peragentibus</em></span> <span class='ocrx_word' id='word_1_943' title='bbox 1655 4077 1773 4132; x_wconf 86' lang='lat' dir='ltr'><em>officium</em></span> <span class='ocrx_word' id='word_1_944' title='bbox 1805 4077 1902 4146; x_wconf 87' lang='lat' dir='ltr'><em>togatis</em></span> 
     </span>
     <span class='ocr_line' id='line_1_138' title="bbox 1097 4145 1903 4218; baseline 0 -18"><span class='ocrx_word' id='word_1_945' title='bbox 1097 4147 1204 4202; x_wconf 89' lang='lat' dir='ltr'><em>diversis</em></span> <span class='ocrx_word' id='word_1_946' title='bbox 1221 4145 1305 4202; x_wconf 88' lang='lat' dir='ltr'><em>modis</em></span> <span class='ocrx_word' id='word_1_947' title='bbox 1322 4147 1427 4200; x_wconf 90' lang='lat' dir='ltr'><em>indulta</em></span> <span class='ocrx_word' id='word_1_948' title='bbox 1445 4153 1520 4212; x_wconf 88' lang='lat' dir='ltr'><em>sunt,</em></span> <span class='ocrx_word' id='word_1_949' title='bbox 1546 4163 1578 4200; x_wconf 83' lang='lat' dir='ltr'><em>ex</em></span> <span class='ocrx_word' id='word_1_950' title='bbox 1601 4149 1652 4202; x_wconf 89' lang='lat' dir='ltr'><em>bac</em></span> <span class='ocrx_word' id='word_1_951' title='bbox 1670 4147 1750 4200; x_wconf 88' lang='lat' dir='ltr'><em>etiam</em></span> <span class='ocrx_word' id='word_1_952' title='bbox 1767 4145 1903 4218; x_wconf 80' lang='lat' dir='ltr'><em>sanctione</em></span> 
     </span>
     <span class='ocr_line' id='line_1_139' title="bbox 1096 4213 1902 4270; baseline -0.002 -2"><span class='ocrx_word' id='word_1_953' title='bbox 1096 4221 1188 4268; x_wconf 90' lang='lat' dir='ltr'><em>nostra</em></span> <span class='ocrx_word' id='word_1_954' title='bbox 1209 4215 1237 4268; x_wconf 89' lang='lat' dir='ltr'><em>in</em></span> <span class='ocrx_word' id='word_1_955' title='bbox 1260 4229 1308 4268; x_wconf 87' lang='lat' dir='ltr'><em>sua</em></span> <span class='ocrx_word' id='word_1_956' title='bbox 1331 4215 1478 4270; x_wconf 89' lang='lat' dir='ltr'><em>stabilitate</em></span> <span class='ocrx_word' id='word_1_957' title='bbox 1501 4215 1642 4270; x_wconf 89' lang='lat' dir='ltr'><em>duraturis.</em></span> <span class='ocrx_word' id='word_1_958' title='bbox 1678 4213 1711 4268; x_wconf 86' lang='lat' dir='ltr'><em>D.</em></span> <span class='ocrx_word' id='word_1_959' title='bbox 1730 4229 1780 4268; x_wconf 77' lang='lat' dir='ltr'><em>nir</em></span> <span class='ocrx_word' id='word_1_960' title='bbox 1794 4215 1819 4268; x_wconf 83' lang='lat' dir='ltr'><em>lc.</em></span> <span class='ocrx_word' id='word_1_961' title='bbox 1838 4213 1902 4266; x_wconf 83' lang='lat' dir='ltr'><em>Deo.</em></span> 
     </span>
     <span class='ocr_line' id='line_1_140' title="bbox 1099 4281 1902 4350; baseline -0.002 -12"><span class='ocrx_word' id='word_1_962' title='bbox 1099 4281 1274 4338; x_wconf 78' lang='lat' dir='ltr'><em>Constarotino</em></span> <span class='ocrx_word' id='word_1_963' title='bbox 1296 4281 1333 4336; x_wconf 83' lang='lat' dir='ltr'><em>oli</em></span> <span class='ocrx_word' id='word_1_964' title='bbox 1344 4281 1500 4338; x_wconf 83' lang='lat' dir='ltr'><em>Arcobindo</em></span> <span class='ocrx_word' id='word_1_965' title='bbox 1515 4281 1668 4338; x_wconf 83' lang='lat' dir='ltr'><em>oiMcssaia</em></span> <span class='ocrx_word' id='word_1_966' title='bbox 1685 4299 1770 4336; x_wconf 80' lang='lat' dir='ltr'><em>coires.</em></span> <span class='ocrx_word' id='word_1_967' title='bbox 1799 4285 1833 4350; x_wconf 89' lang='lat' dir='ltr'><em>[a.</em></span> <span class='ocrx_word' id='word_1_968' title='bbox 1844 4287 1902 4344; x_wconf 79' lang='lat' dir='ltr'><em>aab]</em></span> 
     </span>
    </p>

    <p class='ocr_par' dir='ltr' id='par_1_22' title="bbox 1094 4347 1903 5032">
     <span class='ocr_line' id='line_1_141' title="bbox 1130 4347 1903 4422; baseline -0.005 -16"><span class='ocrx_word' id='word_1_969' title='bbox 1130 4347 1170 4406; x_wconf 81' lang='lat'><em>24</em></span> <span class='ocrx_word' id='word_1_970' title='bbox 1188 4347 1227 4418; x_wconf 81' lang='lat' dir='ltr'><em>(b)</em></span> <span class='ocrx_word' id='word_1_971' title='bbox 1271 4351 1330 4404; x_wconf 77' lang='lat' dir='ltr'><em>donn</em></span> <span class='ocrx_word' id='word_1_972' title='bbox 1346 4353 1377 4404; x_wconf 82' lang='grc' dir='ltr'><em>Α.</em></span> <span class='ocrx_word' id='word_1_973' title='bbox 1403 4351 1501 4422; x_wconf 73' lang='lat' dir='ltr'><em>Sergio</em></span> <span class='ocrx_word' id='word_1_974' title='bbox 1523 4369 1573 4422; x_wconf 86' lang='lat' dir='ltr'><em>p.</em></span> <span class='ocrx_word' id='word_1_975' title='bbox 1617 4349 1761 4404; x_wconf 88' lang='lat' dir='ltr'><em>Petitiones</em></span> <span class='ocrx_word' id='word_1_976' title='bbox 1787 4351 1903 4404; x_wconf 88' lang='lat' dir='ltr'><em>virorum</em></span> 
     </span>
     <span class='ocr_line' id='line_1_142' title="bbox 1098 4369 1902 4496; baseline -0.002 -24"><span class='ocrx_word' id='word_1_977' title='bbox 1098 4419 1330 4472; x_wconf 87' lang='lat' dir='ltr'><em>disertissimorum</em></span> <span class='ocrx_word' id='word_1_978' title='bbox 1346 4419 1398 4474; x_wconf 82' lang='lat' dir='ltr'><em>fori</em></span> <span class='ocrx_word' id='word_1_979' title='bbox 1415 4369 1573 4488; x_wconf 71' lang='lat' dir='ltr'><em>praesidalis</em></span> <span class='ocrx_word' id='word_1_980' title='bbox 1592 4419 1725 4474; x_wconf 89' lang='lat' dir='ltr'><em>secundae</em></span> <span class='ocrx_word' id='word_1_981' title='bbox 1735 4419 1825 4488; x_wconf 78' lang='lat' dir='ltr'><em>Syriae</em></span> <span class='ocrx_word' id='word_1_982' title='bbox 1840 4433 1902 4496; x_wconf 85' lang='lat' dir='ltr'><em>prc-</em></span> 
     </span>
     <span class='ocr_line' id='line_1_143' title="bbox 1096 4485 1903 4556; baseline -0.002 -14"><span class='ocrx_word' id='word_1_983' title='bbox 1096 4487 1197 4542; x_wconf 90' lang='lat' dir='ltr'><em>vinciae</em></span> <span class='ocrx_word' id='word_1_984' title='bbox 1223 4487 1412 4542; x_wconf 88' lang='lat' dir='ltr'><em>advocatorum</em></span> <span class='ocrx_word' id='word_1_985' title='bbox 1444 4503 1505 4542; x_wconf 91' lang='lat' dir='ltr'><em>cum</em></span> <span class='ocrx_word' id='word_1_986' title='bbox 1538 4487 1697 4556; x_wconf 86' lang='lat' dir='ltr'><em>competenti</em></span> <span class='ocrx_word' id='word_1_987' title='bbox 1723 4485 1903 4540; x_wconf 87' lang='lat' dir='ltr'><em>moderatrone</em></span> 
     </span>
     <span class='ocr_line' id='line_1_144' title="bbox 1097 4555 1903 4622; baseline 0 -14"><span class='ocrx_word' id='word_1_988' title='bbox 1097 4557 1246 4610; x_wconf 91' lang='lat' dir='ltr'><em>censuimus</em></span> <span class='ocrx_word' id='word_1_989' title='bbox 1273 4555 1450 4610; x_wconf 90' lang='lat' dir='ltr'><em>admittendas</em></span> <span class='ocrx_word' id='word_1_990' title='bbox 1477 4559 1504 4608; x_wconf 91' lang='lat' dir='ltr'><em>et</em></span> <span class='ocrx_word' id='word_1_991' title='bbox 1528 4555 1648 4610; x_wconf 90' lang='lat' dir='ltr'><em>iubemus</em></span> <span class='ocrx_word' id='word_1_992' title='bbox 1658 4557 1678 4586; x_wconf 79' lang='lat'><em>¹²</em></span> <span class='ocrx_word' id='word_1_993' title='bbox 1709 4571 1758 4622; x_wconf 89' lang='lat' dir='ltr'><em>pro</em></span> <span class='ocrx_word' id='word_1_994' title='bbox 1785 4559 1903 4620; x_wconf 87' lang='lat' dir='ltr'><em>tempore</em></span> 
     </span>
     <span class='ocr_line' id='line_1_145' title="bbox 1095 4621 1902 4692; baseline 0 -18"><span class='ocrx_word' id='word_1_995' title='bbox 1095 4623 1233 4692; x_wconf 87' lang='lat' dir='ltr'><em>primatem</em></span> <span class='ocrx_word' id='word_1_996' title='bbox 1261 4639 1350 4676; x_wconf 86' lang='lat' dir='ltr'><em>ebrum</em></span> <span class='ocrx_word' id='word_1_997' title='bbox 1376 4641 1425 4692; x_wconf 91' lang='lat' dir='ltr'><em>per</em></span> <span class='ocrx_word' id='word_1_998' title='bbox 1451 4623 1587 4676; x_wconf 90' lang='lat' dir='ltr'><em>biennium</em></span> <span class='ocrx_word' id='word_1_999' title='bbox 1613 4623 1671 4678; x_wconf 90' lang='lat' dir='ltr'><em>fisci</em></span> <span class='ocrx_word' id='word_1_1000' title='bbox 1697 4623 1804 4690; x_wconf 90' lang='lat' dir='ltr'><em>patroni</em></span> <span class='ocrx_word' id='word_1_1001' title='bbox 1827 4621 1902 4690; x_wconf 86' lang='lat' dir='ltr'><em>fungi</em></span> 
     </span>
     <span class='ocr_line' id='line_1_146' title="bbox 1096 4689 1903 4758; baseline -0.002 -14"><span class='ocrx_word' id='word_1_1002' title='bbox 1096 4689 1184 4746; x_wconf 88' lang='lat' dir='ltr'><em>officio</em></span> <span class='ocrx_word' id='word_1_1003' title='bbox 1212 4697 1237 4746; x_wconf 90' lang='lat' dir='ltr'><em>et</em></span> <span class='ocrx_word' id='word_1_1004' title='bbox 1264 4691 1364 4746; x_wconf 88' lang='lat' dir='ltr'><em>solacia</em></span> <span class='ocrx_word' id='word_1_1005' title='bbox 1390 4693 1441 4746; x_wconf 90' lang='lat' dir='ltr'><em>sibi</em></span> <span class='ocrx_word' id='word_1_1006' title='bbox 1465 4691 1597 4746; x_wconf 87' lang='lat' dir='ltr'><em>communi</em></span> <span class='ocrx_word' id='word_1_1007' title='bbox 1625 4707 1757 4746; x_wconf 88' lang='lat' dir='ltr'><em>consensu</em></span> <span class='ocrx_word' id='word_1_1008' title='bbox 1775 4689 1903 4758; x_wconf 87' lang='lat' dir='ltr'><em>deputata</em></span> 
     </span>
     <span class='ocr_line' id='line_1_147' title="bbox 1095 4759 1902 4880; baseline 0 -68"><span class='ocrx_word' id='word_1_1009' title='bbox 1095 4775 1142 4880; x_wconf 87' lang='lat' dir='ltr'><em>per</em></span> <span class='ocrx_word' id='word_1_1010' title='bbox 1164 4759 1233 4812; x_wconf 90' lang='lat' dir='ltr'><em>idem</em></span> <span class='ocrx_word' id='word_1_1011' title='bbox 1257 4759 1393 4812; x_wconf 87' lang='lat' dir='ltr'><em>biennium</em></span> <span class='ocrx_word' id='word_1_1012' title='bbox 1415 4761 1543 4828; x_wconf 86' lang='lat' dir='ltr'><em>consequi</em></span> <span class='ocrx_word' id='word_1_1013' title='bbox 1565 4761 1668 4828; x_wconf 90' lang='lat' dir='ltr'><em>hocque</em></span> <span class='ocrx_word' id='word_1_1014' title='bbox 1685 4761 1821 4812; x_wconf 72' lang='lat' dir='ltr'><em>mansacto</em></span> <span class='ocrx_word' id='word_1_1015' title='bbox 1840 4773 1902 4824; x_wconf 89' lang='lat' dir='ltr'><em>prc-</em></span> 
     </span>
     <span class='ocr_line' id='line_1_148' title="bbox 1107 4827 1903 4948; baseline -0.004 -68"><span class='ocrx_word' id='word_1_1016' title='bbox 1107 4827 1236 4882; x_wconf 89' lang='lat' dir='ltr'><em>essionem</em></span> <span class='ocrx_word' id='word_1_1017' title='bbox 1254 4827 1435 4882; x_wconf 89' lang='lat' dir='ltr'><em>advocationis</em></span> <span class='ocrx_word' id='word_1_1018' title='bbox 1454 4827 1598 4948; x_wconf 76' lang='lat' dir='ltr'><em>deponere:</em></span> <span class='ocrx_word' id='word_1_1019' title='bbox 1625 4827 1758 4882; x_wconf 86' lang='lat' dir='ltr'><em>consortio</em></span> <span class='ocrx_word' id='word_1_1020' title='bbox 1782 4827 1903 4880; x_wconf 91' lang='lat' dir='ltr'><em>videlicet</em></span> 
     </span>
     <span class='ocr_line' id='line_1_149' title="bbox 1096 4893 1902 4962; baseline -0.002 -14"><span class='ocrx_word' id='word_1_1021' title='bbox 1096 4897 1239 4950; x_wconf 88' lang='lat' dir='ltr'><em>eorundem</em></span> <span class='ocrx_word' id='word_1_1022' title='bbox 1256 4895 1445 4950; x_wconf 87' lang='lat' dir='ltr'><em>advocatorum</em></span> <span class='ocrx_word' id='word_1_1023' title='bbox 1463 4911 1478 4948; x_wconf 89' lang='lat' dir='ltr'><em>a</em></span> <span class='ocrx_word' id='word_1_1024' title='bbox 1514 4895 1623 4962; x_wconf 88' lang='lat' dir='ltr'><em>triginta</em></span> <span class='ocrx_word' id='word_1_1025' title='bbox 1639 4895 1819 4950; x_wconf 89' lang='lat' dir='ltr'><em>tantummodo</em></span> <span class='ocrx_word' id='word_1_1026' title='bbox 1832 4893 1902 4946; x_wconf 88' lang='lat' dir='ltr'><em>viros</em></span> 
     </span>
     <span class='ocr_line' id='line_1_150' title="bbox 1094 4961 1902 5032; baseline 0 -16"><span class='ocrx_word' id='word_1_1027' title='bbox 1094 4963 1248 5032; x_wconf 84' lang='lat' dir='ltr'><em>redigendo,</em></span> <span class='ocrx_word' id='word_1_1028' title='bbox 1275 4963 1312 5016; x_wconf 90' lang='lat' dir='ltr'><em>ita</em></span> <span class='ocrx_word' id='word_1_1029' title='bbox 1338 4969 1380 5030; x_wconf 90' lang='lat' dir='ltr'><em>ut,</em></span> <span class='ocrx_word' id='word_1_1030' title='bbox 1406 4965 1430 5018; x_wconf 89' lang='lat' dir='ltr'><em>si</em></span> <span class='ocrx_word' id='word_1_1031' title='bbox 1456 4963 1501 5032; x_wconf 89' lang='lat' dir='ltr'><em>qui</em></span> <span class='ocrx_word' id='word_1_1032' title='bbox 1523 4961 1651 5032; x_wconf 87' lang='lat' dir='ltr'><em>superflui</em></span> <span class='ocrx_word' id='word_1_1033' title='bbox 1669 4967 1732 5016; x_wconf 91' lang='lat' dir='ltr'><em>sunt</em></span> <span class='ocrx_word' id='word_1_1034' title='bbox 1748 4963 1801 5016; x_wconf 90' lang='lat' dir='ltr'><em>iam</em></span> <span class='ocrx_word' id='word_1_1035' title='bbox 1819 4961 1902 5016; x_wconf 85' lang='lat' dir='ltr'><em>eidem</em></span> 
     </span>
    </p>
   </div>
   <div class='ocr_carea' id='block_1_15' title="bbox 1094 5097 1961 5572">
    <p class='ocr_par' dir='ltr' id='par_1_23' title="bbox 1094 5097 1961 5572">
     <span class='ocr_line' id='line_1_151' title="bbox 1095 5097 1903 5166; baseline 0 -17"><span class='ocrx_word' id='word_1_1036' title='bbox 1095 5103 1215 5152; x_wconf 76' lang='lat' dir='ltr'><em>rubricam</em></span> <span class='ocrx_word' id='word_1_1037' title='bbox 1225 5099 1254 5150; x_wconf 91' lang='lat' dir='ltr'><em>de</em></span> <span class='ocrx_word' id='word_1_1038' title='bbox 1263 5099 1386 5150; x_wconf 87' lang='lat' dir='ltr'><em>advocatis</em></span> <span class='ocrx_word' id='word_1_1039' title='bbox 1403 5101 1556 5150; x_wconf 89' lang='lat' dir='ltr'><em>diversorum</em></span> <span class='ocrx_word' id='word_1_1040' title='bbox 1565 5097 1675 5150; x_wconf 89' lang='lat' dir='ltr'><em>iudicum</em></span> <span class='ocrx_word' id='word_1_1041' title='bbox 1727 5101 1760 5166; x_wconf 80' lang='grc'><em>(4)</em></span> <span class='ocrx_word' id='word_1_1042' title='bbox 1774 5099 1834 5148; x_wconf 82' lang='lat' dir='ltr'><em>soris</em></span> <span class='ocrx_word' id='word_1_1043' title='bbox 1846 5099 1903 5150; x_wconf 82' lang='lat' dir='ltr'><em>libri</em></span> 
     </span>
     <span class='ocr_line' id='line_1_152' title="bbox 1096 5167 1901 5232; baseline 0 -14"><span class='ocrx_word' id='word_1_1044' title='bbox 1096 5169 1128 5230; x_wconf 77' lang='grc'><em>(5)</em></span> <span class='ocrx_word' id='word_1_1045' title='bbox 1142 5169 1260 5232; x_wconf 73' lang='lat' dir='ltr'><em>pimini</em></span> <span class='ocrx_word' id='word_1_1046' title='bbox 1272 5187 1323 5218; x_wconf 88' lang='lat' dir='ltr'><em>cnm</em></span> <span class='ocrx_word' id='word_1_1047' title='bbox 1332 5169 1366 5230; x_wconf 89' lang='lat' dir='ltr'><em>B,</em></span> <span class='ocrx_word' id='word_1_1048' title='bbox 1382 5187 1426 5220; x_wconf 84' lang='lat' dir='ltr'><em>orn.</em></span> <span class='ocrx_word' id='word_1_1049' title='bbox 1439 5167 1483 5220; x_wconf 83' lang='lat' dir='ltr'><em>GR</em></span> <span class='ocrx_word' id='word_1_1050' title='bbox 1556 5169 1590 5232; x_wconf 84' lang='lat' dir='ltr'><em>(b)</em></span> <span class='ocrx_word' id='word_1_1051' title='bbox 1604 5169 1676 5232; x_wconf 85' lang='lat' dir='ltr'><em>inope</em></span> <span class='ocrx_word' id='word_1_1052' title='bbox 1691 5169 1714 5232; x_wconf 86' lang='grc'>2,</span> <span class='ocrx_word' id='word_1_1053' title='bbox 1729 5177 1791 5232; x_wconf 67' lang='grc'>4,(3.</span> <span class='ocrx_word' id='word_1_1054' title='bbox 1810 5171 1834 5232; x_wconf 74' lang='grc' dir='ltr'><em>Ἰ,</em></span> <span class='ocrx_word' id='word_1_1055' title='bbox 1844 5177 1901 5230; x_wconf 68' lang='lat'><em>³925</em></span> 
     </span>
     <span class='ocr_line' id='line_1_153' title="bbox 1096 5233 1900 5302; baseline 0 -16"><span class='ocrx_word' id='word_1_1056' title='bbox 1096 5233 1128 5296; x_wconf 81' lang='lat' dir='ltr'><em>(t)</em></span> <span class='ocrx_word' id='word_1_1057' title='bbox 1139 5253 1158 5286; x_wconf 89' lang='lat' dir='ltr'><em>c.</em></span> <span class='ocrx_word' id='word_1_1058' title='bbox 1169 5247 1180 5288; x_wconf 83' lang='lat'>8</span> <span class='ocrx_word' id='word_1_1059' title='bbox 1192 5239 1213 5286; x_wconf 83' lang='lat' dir='ltr'><em>i.</em></span> <span class='ocrx_word' id='word_1_1060' title='bbox 1225 5247 1239 5286; x_wconf 83' lang='lat' dir='ltr'><em>t.</em></span> <span class='ocrx_word' id='word_1_1061' title='bbox 1283 5237 1317 5300; x_wconf 82' lang='lat'><em>(8)</em></span> <span class='ocrx_word' id='word_1_1062' title='bbox 1336 5251 1373 5286; x_wconf 78' lang='lat' dir='ltr'><em>xv</em></span> <span class='ocrx_word' id='word_1_1063' title='bbox 1383 5239 1406 5302; x_wconf 85' lang='grc'>2,</span> <span class='ocrx_word' id='word_1_1064' title='bbox 1415 5247 1436 5300; x_wconf 84' lang='grc'><em>4,</em></span> <span class='ocrx_word' id='word_1_1065' title='bbox 1447 5247 1473 5286; x_wconf 82' lang='grc'><em>43</em></span> <span class='ocrx_word' id='word_1_1066' title='bbox 1518 5237 1551 5300; x_wconf 84' lang='grc'><em>(9)</em></span> <span class='ocrx_word' id='word_1_1067' title='bbox 1571 5255 1589 5286; x_wconf 92' lang='lat' dir='ltr'><em>c.</em></span> <span class='ocrx_word' id='word_1_1068' title='bbox 1601 5247 1626 5286; x_wconf 91' lang='grc'><em>22</em></span> <span class='ocrx_word' id='word_1_1069' title='bbox 1645 5235 1718 5286; x_wconf 83' lang='lat' dir='ltr'><em>isdem</em></span> <span class='ocrx_word' id='word_1_1070' title='bbox 1736 5235 1815 5286; x_wconf 81' lang='lat' dir='ltr'><em>verbis</em></span> <span class='ocrx_word' id='word_1_1071' title='bbox 1833 5253 1900 5300; x_wconf 85' lang='lat' dir='ltr'><em>repo·</em></span> 
     </span>
     <span class='ocr_line' id='line_1_154' title="bbox 1096 5303 1900 5370; baseline 0 -18"><span class='ocrx_word' id='word_1_1072' title='bbox 1096 5303 1260 5354; x_wconf 71' lang='lat' dir='ltr'><em>dilaniabit</em></span> <span class='ocrx_word' id='word_1_1073' title='bbox 1327 5303 1372 5368; x_wconf 85' lang='grc'>(10)</span> <span class='ocrx_word' id='word_1_1074' title='bbox 1390 5305 1440 5354; x_wconf 88' lang='lat' dir='ltr'><em>ian.</em></span> <span class='ocrx_word' id='word_1_1075' title='bbox 1453 5307 1564 5370; x_wconf 85' lang='lat' dir='ltr'><em>fortasse</em></span> <span class='ocrx_word' id='word_1_1076' title='bbox 1581 5323 1641 5354; x_wconf 70' lang='lat' dir='ltr'><em>scm:</em></span> <span class='ocrx_word' id='word_1_1077' title='bbox 1659 5321 1714 5352; x_wconf 84' lang='lat' dir='ltr'><em>narn</em></span> <span class='ocrx_word' id='word_1_1078' title='bbox 1731 5305 1860 5354; x_wconf 82' lang='lat' dir='ltr'><em>secundnm</em></span> <span class='ocrx_word' id='word_1_1079' title='bbox 1880 5305 1900 5364; x_wconf 87' lang='lat' dir='ltr'><em>l,</em></span> 
     </span>
     <span class='ocr_line' id='line_1_155' title="bbox 1094 5371 1961 5432; baseline -0.001 -12"><span class='ocrx_word' id='word_1_1080' title='bbox 1094 5379 1115 5432; x_wconf 87' lang='grc'><em>4,</em></span> <span class='ocrx_word' id='word_1_1081' title='bbox 1126 5381 1149 5420; x_wconf 86' lang='grc'><em>19</em></span> <span class='ocrx_word' id='word_1_1082' title='bbox 1160 5371 1515 5424; x_wconf 81' lang='lat' dir='ltr'><em>ConstarrtinoEnstatbiasiam</em></span> <span class='ocrx_word' id='word_1_1083' title='bbox 1524 5373 1577 5422; x_wconf 81' lang='lat' dir='ltr'><em>ad.</em></span> <span class='ocrx_word' id='word_1_1084' title='bbox 1584 5385 1647 5422; x_wconf 88' lang='lat' dir='ltr'><em>IIIII</em></span> <span class='ocrx_word' id='word_1_1085' title='bbox 1654 5373 1677 5420; x_wconf 83' lang='lat' dir='ltr'><em>k.</em></span> <span class='ocrx_word' id='word_1_1086' title='bbox 1686 5371 1748 5420; x_wconf 86' lang='lat' dir='ltr'><em>Mai.</em></span> <span class='ocrx_word' id='word_1_1087' title='bbox 1755 5381 1901 5422; x_wconf 72' lang='lat' dir='ltr'><em>mocessorai</em></span> <span class='ocrx_word' id='word_1_1088' title='bbox 1960 5397 1961 5400; x_wconf 59' lang='lat'><em>=</em></span> 
     </span>
     <span class='ocr_line' id='line_1_156' title="bbox 1094 5437 1900 5504; baseline 0.002 -16"><span class='ocrx_word' id='word_1_1089' title='bbox 1094 5437 1254 5502; x_wconf 76' lang='lat' dir='ltr'><em>(IOfunctib&#39;</em></span> <span class='ocrx_word' id='word_1_1090' title='bbox 1270 5441 1354 5490; x_wconf 82' lang='lat' dir='ltr'><em>contro</em></span> <span class='ocrx_word' id='word_1_1091' title='bbox 1367 5439 1474 5492; x_wconf 79' lang='lat' dir='ltr'><em>Graecos</em></span> <span class='ocrx_word' id='word_1_1092' title='bbox 1522 5439 1566 5504; x_wconf 85' lang='grc'>(12)</span> <span class='ocrx_word' id='word_1_1093' title='bbox 1585 5457 1604 5490; x_wconf 86' lang='grc' dir='ltr'><em>ι.</em></span> <span class='ocrx_word' id='word_1_1094' title='bbox 1615 5451 1640 5490; x_wconf 89' lang='grc'><em>24</em></span> <span class='ocrx_word' id='word_1_1095' title='bbox 1658 5439 1714 5490; x_wconf 86' lang='lat' dir='ltr'><em>indo</em></span> <span class='ocrx_word' id='word_1_1096' title='bbox 1732 5441 1763 5488; x_wconf 91' lang='lat' dir='ltr'><em>ob</em></span> <span class='ocrx_word' id='word_1_1097' title='bbox 1781 5439 1827 5490; x_wconf 85' lang='lat' dir='ltr'><em>bac</em></span> <span class='ocrx_word' id='word_1_1098' title='bbox 1844 5457 1900 5490; x_wconf 85' lang='lat' dir='ltr'><em>occo</em></span> 
     </span>
     <span class='ocr_line' id='line_1_157' title="bbox 1094 5509 1337 5572; baseline 0 -16"><span class='ocrx_word' id='word_1_1099' title='bbox 1094 5515 1128 5556; x_wconf 87' lang='lat' dir='ltr'><em>ost</em></span> <span class='ocrx_word' id='word_1_1100' title='bbox 1145 5509 1253 5572; x_wconf 81' lang='lat' dir='ltr'><em>repetitio</em></span> <span class='ocrx_word' id='word_1_1101' title='bbox 1272 5523 1291 5556; x_wconf 89' lang='grc' dir='ltr'><strong><em>ο.</em></strong></span> <span class='ocrx_word' id='word_1_1102' title='bbox 1310 5517 1337 5558; x_wconf 86' lang='grc'><em>22</em></span> 
     </span>
    </p>
   </div>
   <div class='ocr_carea' id='block_1_16' title="bbox 1092 5669 1897 5864">
    <p class='ocr_par' dir='ltr' id='par_1_24' title="bbox 1092 5669 1897 5864">
     <span class='ocr_line' id='line_1_158' title="bbox 1093 5669 1896 5742; baseline 0 -18"><span class='ocrx_word' id='word_1_1103' title='bbox 1093 5669 1219 5730; x_wconf 86' lang='lat' dir='ltr'><em>aduocati</em></span> <span class='ocrx_word' id='word_1_1104' title='bbox 1238 5673 1363 5728; x_wconf 82' lang='lat' dir='ltr'><em>instructi</em></span> <span class='ocrx_word' id='word_1_1105' title='bbox 1385 5673 1441 5728; x_wconf 84' lang='lat' dir='ltr'><em>titis</em></span> <span class='ocrx_word' id='word_1_1106' title='bbox 1464 5673 1625 5726; x_wconf 81' lang='lat' dir='ltr'><em>decisionem</em></span> <span class='ocrx_word' id='word_1_1107' title='bbox 1642 5677 1795 5742; x_wconf 81' lang='lat' dir='ltr'><em>praetenta</em></span> <span class='ocrx_word' id='word_1_1108' title='bbox 1825 5671 1896 5728; x_wconf 75' lang='lat' dir='ltr'><em>tardi</em></span> 
     </span>
     <span class='ocr_line' id='line_1_159' title="bbox 1092 5739 1897 5864; baseline -0.005 -68"><span class='ocrx_word' id='word_1_1109' title='bbox 1092 5739 1407 5864; x_wconf 44' lang='lat' dir='ltr'><em>{diggingssgztpmkam’</em></span> <span class='ocrx_word' id='word_1_1110' title='bbox 1425 5739 1474 5796; x_wconf 85' lang='lat' dir='ltr'><em>sod</em></span> <span class='ocrx_word' id='word_1_1111' title='bbox 1490 5739 1548 5796; x_wconf 85' lang='lat' dir='ltr'><em>sinc</em></span> <span class='ocrx_word' id='word_1_1112' title='bbox 1566 5757 1643 5794; x_wconf 84' lang='lat' dir='ltr'><em>nora</em></span> <span class='ocrx_word' id='word_1_1113' title='bbox 1656 5755 1765 5794; x_wconf 78' lang='lat' dir='ltr'><em>causano</em></span> <span class='ocrx_word' id='word_1_1114' title='bbox 1783 5739 1836 5794; x_wconf 84' lang='lat' dir='ltr'><em>cino</em></span> <span class='ocrx_word' id='word_1_1115' title='bbox 1849 5739 1897 5808; x_wconf 80' lang='lat' dir='ltr'><em>qai</em></span> 
     </span>
    </p>
   </div>
   <div class='ocr_carea' id='block_1_17' title="bbox 0 0 2142 6276">
    <p class='ocr_par' dir='ltr' id='par_1_25' title="bbox 0 0 2142 6276">
     <span class='ocr_line' id='line_1_160' title="bbox 0 0 2142 6276; baseline 0 0"><span class='ocrx_word' id='word_1_1116' title='bbox 0 0 2142 6276; x_wconf 95' lang='lat' dir='ltr'><em> </em></span> 
     </span>
    </p>
   </div>
  </div>
 </body>
</html>
