4258 6258
243 357 326 424 vlo

308 535 445 610 πάτρωνες
471 541 514 588 καί
542 535 572 590 αι’
596 533 786 610 πατράνισσαι
812 533 961 606 καλῶνται,
986 539 1045 594 εἶτα

238 611 239 618 ’
306 601 366 676 μετ’
387 599 481 660 eineis
498 603 525 656 οἱ
541 603 634 660 παῖδες
652 603 752 670 αὐτῶν,
770 609 814 656 καί
833 603 880 660 ἐὰν
901 603 938 674 μή
955 603 1044 660 ῦπεισι

306 671 399 730 παῖδας
416 669 515 738 αὐτῶν,
538 671 564 726 οἱ
581 675 684 746 έγγονοι
704 669 796 728 αὐτῶν
812 671 840 726 οἱ
861 671 999 730 κατιόντες
1016 677 1045 740 ἐξ

244 741 294 798 lid
310 739 431 816 άρρένων
448 737 465 808 ἢ
481 739 534 796 άπδ
554 741 683 808 θηλειῶν.
715 743 796 794 Τοῦτο
832 739 864 824 ἀρ
882 741 984 814 εἴρηται
1002 749 1046 798 καὶ

308 813 351 866 ἐπί
369 811 427 864 τῶν
443 807 570 882 εὐγενῶν,
590 807 660 864 ῶστε
681 807 750 864 κατὰ
767 761 881 878 βαθμον
903 809 1045 866 καλεῖσθαι

307 879 410 934 πάντας
426 875 486 930 τοῦς
503 885 635 952 συγγενεῖς
652 879 717 952 πρὸς
733 875 784 944 τήν
798 877 984 952 κληρονομίαν,
1001 885 1045 934 καὶ

306 951 364 1002 τῶν
381 945 502 1020 πρῶτων
519 943 692 1002 άτονοάντων
710 945 772 998 τότε
792 945 853 998 τοὺς
874 945 942 1016 μετά
959 951 1045 1002 ταῦτα

243 1019 288 1070 lte
308 1015 437 1088 ἔρχεσθαι
459 1019 504 1068 καὶ
527 1013 708 1090 κληρονομεῖν.
749 1015 782 1066 Εἰ
806 1011 835 1066 δέ
854 1011 971 1082 μηδένας
992 1017 1045 1082 έχει

306 1077 448 1138 κατιόντας
470 1079 486 1138 ὁ
509 1079 622 1156 πάτρων
647 1081 706 1148 ήτοι
729 1077 745 1148 ἡ
767 1081 960 1156 πατρῶνισσα,
983 1085 1045 1138 τότε

307 1155 352 1204 nai
370 1149 429 1206 τοῦς
450 1155 480 1206 in
497 1149 611 1224 πλαγίυν
629 1149 721 1204 αὐτῶν
738 1149 871 1218 καλοῦμεν
887 1149 956 1204 κατά
972 1155 1044 1222 βαθ·

305 1215 371 1290 μάν,
406 1221 450 1272 ina
480 1219 507 1274 οἱ
537 1215 672 1292 ίγγότεροι
700 1221 831 1290 συγγενεῖς
857 1223 1046 1294 προτιμῶνται

242 1289 292 1358 iis
308 1289 366 1342 τῶν
392 1287 482 1342 όντων
515 1287 546 1338 έν
572 1291 729 1362 μακροτέρῳ
764 1287 877 1356 βαθμῶ.
923 1283 993 1340 Ἕως
1017 1285 1047 1340 δὲ

305 1359 429 1440 dejectior
453 1355 566 1426 βαθμοῦ
593 1353 620 1408 ολ
644 1357 672 1408 ἐκ
699 1353 813 1428 πλαγίου
839 1361 971 1428 συγγενεῖς
998 1357 1044 1408 τοῦ

305 1441 446 1500 πατρωνος
470 1427 514 1476 καί
536 1421 564 1476 οἱ
583 1421 720 1478 κατιόντες
737 1419 819 1478 αὐτοῦ
836 1421 1044 1494 κληρονομείτω-

241 1497 269 1548 15
305 1511 358 1548 σαν
379 1491 429 1546 τὸν
452 1485 643 1560 άπελεῦθερον.
682 1493 771 1544 Ταῦτα
792 1495 843 1560 μέν
866 1489 957 1548 πάντα
977 1493 1044 1566 εἵρη·

303 1581 363 1626 ται,
386 1557 433 1612 ἐάν
451 1557 478 1612 οἱ
492 1557 672 1632 ἀπελεύθεροι
692 1557 791 1614 παῖδας
809 1563 913 1626 ἔχωσιν.
951 1559 999 1614 teir
1015 1559 1045 1614 δέ

243 1695 244 1698 ρ
304 1625 507 1686 acreddendae
525 1629 606 1694 έχωσι
623 1625 729 1692 παῖδας,
751 1623 819 1682 ἀλλὰ
835 1623 970 1694 ποιήσωσι
989 1627 1044 1682 διο-

303 1695 393 1782 θήκην
410 1699 454 1778 καί
486 1691 612 1770 ράψωσιν
629 1695 770 1758 έξωτικσῦς
784 1695 969 1770 κληρονόμους,
984 1693 1045 1752 οῦδὲ

303 1785 372 1820 κατα
394 1785 443 1818 τον
468 1715 721 1818 θυοκαιδεκάδελτον
742 1763 864 1836 λέγομεν,
888 1763 980 1834 ἐπειδή
1004 1771 1044 1838 γέ·

303 1853 366 1908 yart
383 1827 512 1900 διαθήκη,
530 1831 591 1886 τοῦς
607 1827 753 1902 πάτρωνας
767 1831 963 1890 ἀποκλείεσθαι
977 1853 1044 1890 παν·

302 1899 393 1966 τελῶς,
416 1897 478 1954 οῦδὲ
494 1899 564 1956 κατά
586 1899 637 1954 τὸν
653 1899 763 1956 Πάπιον
785 1895 845 1968 δεχό
868 1903 923 1956 εθα
941 1899 1043 1966 αῦτσός,

303 1971 349 2024 ἵνα
373 1971 418 2022 καὶ
444 1967 501 2022 ἑνός
527 1965 624 2024 παιδός
649 1975 798 2094 γραψέντος
821 1971 986 2046 κηρονόμου
1011 1971 1043 2028 τὸ

303 2033 381 2108 ήμισν
399 2031 522 2122 λάβωσιν
538 2033 555 2106 ή
579 2033 627 2090 tio
647 2045 700 2094 παί
716 2059 757 2092 ων
773 2043 935 2112 γραφέντων
952 2037 1042 2112 κληρο·

301 2105 396 2178 νόμων
413 2125 444 2160 το
458 2111 551 2180 τρίτον
565 2101 694 2174 λάβωσιν,
711 2103 777 2160 ἀλλὰ
792 2105 925 2178 καλοῦμεν
941 2103 1042 2174 eineis,

302 2175 348 2228 ina
366 2169 453 2246 μόνον
470 2173 501 2226 τό
526 2181 619 2244 τρίτον
642 2177 689 2242 τῆς
710 2177 758 2230 τοῦ
782 2169 921 2232 άπελενθέ
935 2195 966 2230 ου
983 2175 1042 2262 κλη-

302 2247 428 2318 ρονομίας
449 2239 592 2310 δυνηθῶσι
614 2241 715 2312 λαβεῖν,
740 2239 770 2298 οὖ
791 2241 891 2298 πάντες
908 2265 933 2298 οι
951 2245 1043 2298 καλου-

301 2331 378 2382 μενυι
399 2309 466 2384 πρός
486 2309 537 2378 τήν
560 2311 735 2386 πατρωνικὴν
758 2311 949 2386 κληρονομίαν,
975 2309 1044 2368 iili

302 2375 415 2454 πάτραν
437 2383 482 2432 καὶ
506 2375 685 2450 πατρῶνισσα
709 2385 753 2432 καὶ
778 2379 872 2436 παῖδες
889 2375 981 2436 αὐτῶν
998 2387 1042 2436 καί

302 2449 408 2522 ἔγγονοι
425 2451 469 2500 καί
486 2441 636 2520 άπέγγονοι,
654 2453 795 2502 τουτέστιν
813 2447 839 2502 οἱ
853 2451 903 2504 έως
918 2455 1041 2520 πέμπτου

238 2523 286 2574 lia
302 2517 414 2588 βαθμοῦ
432 2511 571 2570 κατιόντες
587 2517 645 2570 τῶν
662 2515 819 2590 πατρῶνων
834 2523 879 2572 καί
895 2517 982 2588 μόνοι,
1010 2517 1043 2574 Οἱ

301 2587 350 2640 οῦν
375 2587 526 2658 περαιτέρω
553 2579 645 2638 αὐτῶν
671 2581 810 2640 κατιόντες
834 2583 851 2654 ἢ
875 2589 904 2640 ἐκ
928 2585 1041 2660 πλαγίου

301 2649 348 2710 οῦκ
372 2653 459 2718 έχουσι
482 2651 532 2720 τὴν
556 2655 719 2708 ἐναντίωσιν
736 2655 781 2722 τῆς
800 2651 933 2724 διαθήκης
950 2655 1041 2718 ἐξαιτι-

225 2759 227 2766 ,
301 2725 358 2776 κῶν
380 2725 561 2794 γραφομένων
578 2719 751 2794 κληρονόμων
775 2725 820 2778 έπί
843 2721 875 2778 τδ
897 2723 993 2792 λαβεῖν
1009 2721 1041 2778 τδ

236 2795 267 2846 16
300 2797 394 2864 τρίτον
410 2791 456 2856 τῆς
473 2787 571 2844 οὐσίας.
597 2785 702 2864 Ὥσπερ
717 2789 768 2864 γὰρ
786 2793 907 2846 ἐπὶτῶν
925 2789 1042 2864 εὐγενῶν

300 2857 450 2932 τριοόγκιον
476 2859 507 2910 έν
531 2863 585 2912 τοῖς
609 2853 714 2932 χρόνοις
740 2855 836 2914 τοῦτον
859 2861 906 2916 τοῦ
930 2857 1043 2916 edituos

302 2925 452 3010 ῶρισμένον
474 2915 508 2994 ήν
530 2931 585 2980 τοῖς
608 2925 765 2996 δυναμένοις
781 2931 888 2998 κινῆσαι
905 2927 955 2996 τήν
972 2927 1041 2984 κατὰ

300 3013 347 3064 της
370 2989 502 3062 διαθήκης
521 2999 633 3066 μέμψιν,
662 2991 760 3060 οῦτοις,
788 2995 834 3052 ἐὰν
861 2993 1041 3072 ἆπελεάθερσς

267 3073 268 3076 ’
300 3059 442 3138 τελευτήσῃ
468 3063 657 3138 τετραοῦγκιον
684 3063 810 3138 καθαρὸν
833 3069 879 3120 καί
905 3063 1040 3140 άπηλλαγ·

299 3135 382 3204 μένον
399 3129 523 3204 ληγάτων
540 3135 585 3186 καὶ
608 3131 834 3190 fideicommissne
857 3137 897 3204 τῷ
917 3129 1041 3210 πάτρωνι

237 3207 285 3258 lca
302 3197 478 3270 καταλείψας,
503 3195 637 3254 άποκλείει
661 3197 750 3256 αὐτόν.
791 3197 852 3256 Κάν
874 3201 924 3276 γάρ
944 3207 1041 3258 παισὶν

300 3267 376 3324 ἰδίοις
394 3267 550 3340 κατέλειψεν
568 3263 582 3324 ὁ
599 3265 780 3344 ἀπελεύθερος
796 3267 851 3326 άπδ
870 3273 916 3324 τοῦ
932 3267 1039 3342 πάτρω·

233 3447 266 3510 (1)
285 3445 350 3498 οίίοε
368 3435 461 3494 αὐτῶν

1031 347 1106 436 Ὶ244

922 443 1224 460 mmm-'¹⁸⁸⁸

1499 369 1545 416 DE
1565 367 1665 418 BONIS
1686 369 1903 418 LIBERTORUM

1163 553 1207 588 νος
1226 531 1349 606 λήγατον,
1367 531 1414 588 ουίι
1430 537 1483 600 ἔχει
1496 531 1623 608 καθαρόν
1638 531 1670 588 τὸ
1685 539 1785 606 τρίτον.
1814 527 1906 606 ῶσπερ

1162 603 1212 680 γάρ
1231 607 1275 660 ent
1289 605 1334 670 τῆς
1349 607 1476 674 μέμψεως
1491 605 1630 674 ζητοῦμεν,
1649 603 1694 654 ἴνα
1708 597 1834 672 καθαρόν
1847 603 1905 654 έστι

1164 669 1278 726 πάντων
1302 673 1361 724 τῶν
1378 667 1503 744 ληγάτων
1520 669 1551 724 τὸ
1569 667 1644 746 κριοῦ
1664 689 1734 734 neon,
1755 665 1841 724 οῦτως
1860 673 1905 722 καὶ

1164 741 1290 794 ἐνταῦθα
1315 735 1493 808 ἀπαιτοῦμεν,
1526 741 1571 792 ἴνα
1597 691 1722 810 καθαρόν
1749 741 1807 792 ἐστι
1838 735 1904 792 πάν·

1164 829 1223 864 των
1253 809 1311 860 τῶν
1344 803 1468 880 ληγάτων
1498 805 1530 860 τὸ
1562 807 1737 882 πατρωνικδν
1763 801 1904 878 τετραοῦγ·

1100 879 1146 936 ’16ὺ
1164 897 1231 930 κιον.
1270 873 1450 948 Ἐλευθερέως
1475 871 1503 928 δὲ
1527 867 1668 930 ῦπόκειται
1691 879 1735 928 καὶ
1758 873 1789 928 τό
1811 893 1903 944 τετρα-

1165 941 1272 1020 οῦγκιον
1295 945 1343 996 τοῦ
1367 941 1515 1014 πάτρωνος.
1550 941 1650 1016 τὸγὰρ
1673 941 1792 998 παλαιὸν
1813 939 1905 998 παῖδες

1163 1017 1213 1086 μέν
1239 1013 1374 1066 κινοῦντες
1398 1011 1449 1078 τήν
1476 1009 1544 1064 κατὰ
1570 1013 1616 1078 τῆς
1641 1007 1774 1080 διαθήκης
1800 1015 1905 1082 μέμψιν

1166 1079 1272 1136 ἐδίδουν
1292 1077 1339 1134 τὰς
1364 1077 1529 1152 ἐλευθερίας,
1556 1077 1695 1152 πάτρωνος
1718 1077 1747 1132 δὲ
1771 1083 1905 1134 κινοῦντες

1165 1155 1200 1204 είς
1217 1145 1298 1218 ήμισυ
1314 1147 1365 1214 τήν
1382 1149 1545 1200 ἐναντίωσιν
1562 1149 1608 1216 τῆς
1626 1143 1757 1216 διαθήκης
1775 1145 1842 1202 κατὰ
1859 1149 1905 1212 τῆς

1165 1221 1211 1272 τοῦ
1231 1215 1413 1286 ἀπελευθέρου
1430 1213 1562 1284 διαθήκης
1584 1213 1632 1270 οῦκ
1654 1219 1837 1290 ἐπεγίνωσκον
1858 1213 1904 1268 τοὶς

1100 1295 1146 1344 166
1168 1285 1328 1360 ἐλευθερίας.
1358 1281 1456 1336 Πάντα
1475 1283 1503 1338 δέ
1520 1283 1554 1338 τά
1571 1281 1681 1356 λήγατα,
1701 1271 1741 1338 ῶν
1759 1279 1773 1338 ὁ
1792 1281 1904 1356 πάτρων

1164 1351 1333 1422 ἀπήλλακται
1340 1393 1347 1416 ,
1371 1347 1527 1408 διδότωσαν
1549 1353 1576 1404 οἱ
1598 1349 1757 1424 κληρονόμοι
1775 1355 1823 1404 τοῦ
1840 1353 1903 1408 dne·

1165 1423 1305 1492 λευθέρου,
1345 1419 1470 1488 δηλονότι
1505 1421 1589 1494 πρότε
1607 1439 1638 1474 ον
1673 1425 1904 1490 παρακατέχοντει

1164 1491 1265 1544 ἑαυτοῖς
1289 1491 1317 1542 in
1340 1493 1386 1558 τῆς
1409 1485 1499 1542 οῦσίας
1516 1487 1565 1542 τὸν
1611 1485 1732 1542 αλκίδιον
1750 1491 1808 1542 τῶν
1832 1509 1903 1562 περι-

1163 1557 1373 1628 λιμπανομένων
1401 1555 1491 1612 αὐτοῖς
1517 1551 1712 1630 όκταουγκίων,
1739 1559 1784 1610 ἵνα
1809 1561 1903 1626 μηκέτι

1163 1623 1321 1702 τριοόγκιον,
1345 1623 1412 1696 oillei
1433 1623 1520 1696 μόνον
1537 1623 1671 1698 διοόγκιον
1691 1623 1902 1698 παροκατάσχω·

1099 1703 1127 1754 17
1164 1713 1216 1748 σιν.
1251 1695 1318 1748 Εἴτε
1336 1697 1383 1748 οῦν
1407 1695 1421 1746 ό
1443 1693 1557 1768 πάτρων
1575 1691 1715 1748 παντελῶς
1735 1691 1821 1764 μηδέν
1842 1695 1902 1760 ἔχει,

1163 1759 1344 1834 λαμβάνειητό
1362 1761 1560 1836 τετραοῦγκιον,
1583 1763 1635 1816 εἴτε
1658 1757 1758 1836 ἐγράφη
1779 1759 1902 1836 κληρονό-

1162 1849 1210 1902 μος
1235 1833 1272 1884 εἰς
1298 1829 1380 1898 ήττον
1403 1833 1451 1884 τοῦ
1475 1837 1674 1906 τετραουγκίον,
1702 1827 1902 1904 ἀναπληροῦται

1162 1897 1289 1974 καθαρόν
1313 1899 1346 1952 τδ
1373 1899 1563 1972 τετραοόγιιιον
1589 1899 1674 1966 πάσης
1708 1899 1833 1972 αἱρέσεως
1858 1901 1902 1952 καὶ

1163 1967 1248 2038 πάσης
1264 1963 1438 2040 ὑπερθέσεως
1456 1965 1669 2054 ἀπηλλαγμένον,
1692 1973 1832 2022 τουτέστιν
1850 1969 1902 2028 λ’να,

1161 2031 1210 2092 κάν
1227 2033 1318 2112 γράψῃ
1337 2031 1420 2090 αὐτὸν
1437 2031 1452 2088 ό
1469 2031 1649 2108 άπελευθερος
1667 2031 1833 2106 κληρονόμον
1848 2031 1901 2092 ὑπὸ

1162 2107 1274 2180 αἵρεσιν,
1300 2103 1469 2178 περιέλωμεν
1493 2103 1545 2172 τήν
1569 2101 1678 2190 μνήμην
1700 2107 1747 2172 τῆς
1771 2103 1902 2178 αἱρέσεως.

1096 2181 1145 2234 lla
1163 2177 1197 2226 Εἰ
1223 2169 1253 2226 δέ
1278 2175 1323 2226 καὶ
1347 2169 1363 2240 ἡ
1386 2175 1485 2244 αἵρεσις
1508 2175 1566 2226 τῶν
1589 2191 1698 2228 παντως
1721 2173 1902 2244 ἐξερχομένων

1161 2247 1244 2308 ἐστίν,
1270 2237 1421 2316 ῦπέρθεσιν
1448 2239 1478 2294 δέ
1502 2243 1561 2310 έχει,
1585 2239 1665 2310 τυχδν
1689 2239 1750 2294 ‘een
1772 2241 1866 2316 φθάσῃ
1888 2235 1902 2292 ό

1160 2313 1220 2366 τῶν
1241 2307 1387 2364 καλανδῶν
1411 2307 1523 2382 καιρός’,
1545 2313 1590 2362 καί
1613 2305 1716 2376 ταύτην
1733 2309 1783 2378 τήν
1801 2311 1904 2382 αἵρεσιν

1160 2399 1250 2454 περιαι
1268 2379 1358 2448 οῦμευ,
1373 2375 1551 2448 φυλάττοντες
1564 2375 1652 2432 αὐτοῖς
1664 2379 1696 2432 τό
1706 2375 1902 2454 τετραοῦγκιον,

1098 2457 1125 2508 18
1161 2449 1214 2502 εἴτε
1238 2399 1274 2502 ελς
1300 2451 1376 2500 ἐστὶν
1402 2447 1455 2500 εἴτε
1481 2445 1607 2502 πλείονες.
1655 2449 1691 2502 Εἰ
1717 2445 1747 2500 δέ
1777 2451 1902 2520 γραφῶσι

1160 2511 1320 2590 κληρονόμοι
1342 2511 1410 2604 ὑπέρ
1432 2515 1464 2568 τό
1485 2513 1675 2588 τετρααύγκισν
1692 2519 1737 2568 καὶ
1754 2517 1902 2588 βαρηθῶσι

1160 2583 1289 2658 ληγάτοις,
1308 2581 1356 2636 ἐὰν
1374 2589 1452 2638 αυτοὶ
1469 2581 1547 2654 μόνοι
1567 2585 1617 2638 aior
1632 2581 1799 2658 κληρονόμοι,
1817 2581 1900 2658 παρά·

1160 2671 1244 2720 σχωσι
1261 2651 1296 2706 τά
1313 2649 1416 2724 ληγάτα
1433 2657 1478 2706 καί
1496 2649 1529 2706 τοὶ
1545 2651 1758 2718 fideicommissa,
1777 2649 1902 2718 δηλονότι

1158 2721 1194 2792 μή
1226 2719 1334 2790 βλαπτο
1355 2725 1414 2776 ένου
1446 2721 1495 2776 τοῦ
1523 2727 1713 2796 τετραουγκίον
1747 2717 1852 2774 αὐτῶν·
1888 2715 1901 2774 ό

1175 2789 1209 2864 ἀρ
1237 2787 1326 2844 Φαλκί
1342 2805 1380 2844 ιος
1406 2793 1451 2844 ἐπὶ
1477 2785 1577 2844 αὐτοῦι
1604 2795 1792 2862 τετραουγκίου
1819 2793 1899 2844 tori.

1093 2865 1143 2916 ῖθα
1163 2859 1224 2912 Εὰν
1246 2855 1276 2912 δέ
1297 2855 1335 2928 μή
1358 2859 1395 2912 εἰς
1412 2853 1563 2932 ὁλόκληρον,
1588 2859 1623 2912 εἰς
1641 2857 1723 2912 πλέον
1739 2861 1833 2928 μέντοι
1850 2857 1899 2912 τοῦ

1159 2931 1359 3000 τετραουγκίον,
1386 2925 1467 2992 τυχὸν
1488 2927 1524 2978 εἰς
1547 2925 1577 2990 ἓξ
1598 2923 1615 2994 ἢ
1638 2927 1674 2980 εἰς
1697 2923 1768 2980 όιιτῶ
1795 2921 1901 2998 οῦγκίυις

1159 2991 1315 3070 ἐγράφησαν
1332 2993 1491 3068 κληρονόμοι
1510 2999 1554 3048 καὶ
1572 2991 1751 3080 έβαρήθησαν
1772 2991 1901 3066 ληγάτοις,

1158 3061 1221 3118 τότε
1242 3061 1274 3118 τό
1298 3061 1428 3136 περισσὸν
1448 3057 1515 3138 ῦπέρ
1533 3061 1563 3116 τὸ
1580 3081 1770 3138 τετραουγκιον
1788 3061 1900 3118 διδότω·

1159 3149 1211 3186 σαν
1234 3135 1296 3202 τοῖς
1312 3129 1481 3204 ληγαταρίοις
1504 3135 1548 3184 καὶ
1568 3131 1844 3206 ᾗόείςοωωὶςςαρίσις,
1868 3129 1900 3186 τὸ

1159 3197 1188 3256 δὲ
1216 3197 1311 3256 λοιπόν
1337 3205 1531 3274 παρεχέτωσαν
1557 3199 1584 3256 οἱ
1604 3199 1775 3272 κληρονόμοι,
1803 3195 1899 3272 φυλάτ-

1157 3285 1250 3324 τοντες
1274 3269 1375 3322 ἑαυτοῖς
1398 3273 1428 3320 in
1446 3271 1491 3336 τῆς
1510 3267 1579 3322 ἰδίας
1596 3267 1746 3324 ἐκστάσεως
1762 3265 1812 3324 τὸν
1830 3267 1899 3322 Φαλ-

233 3563 1895 3596 m

232 3663 327 3702 eornm
344 3663 399 3702 non
416 3651 526 3712 entant,
551 3661 644 3702 eornm
666 3663 699 3702 ne
720 3651 777 3702 cies
795 3645 843 3726 qni
860 3663 897 3702 en
914 3647 1041 3702 massalis

237 3713 286 3768 nc
317 3713 460 3786 feminisce
477 3713 648 3770 descendant.
715 3729 747 3770 oc
764 3729 834 3768 emm
852 3717 933 3770 etiam
950 3717 983 3774 de
999 3717 1041 3772 in-

233 3783 330 3856 oennis
352 3783 452 3838 dictam
474 3789 515 3838 est
538 3797 630 3838 onnes
652 3787 786 3854 coenatos
808 3783 954 3840 secandam
977 3801 1042 3858 ara·

233 3851 297 3906 dnm
320 3849 357 3906 ad
378 3849 553 3906 hereditatem
576 3851 670 3906 noceri
692 3857 720 3908 et
737 3849 837 3924 primis
858 3851 1042 3922 deficientibus

237 3923 282 3974 lte
306 3917 427 3990 reliquos
440 3919 530 3976 venire
545 3923 572 3974 et
583 3917 696 3976 heredes
704 3919 773 3990 lieri.
801 3915 882 3986 Quod
893 3921 919 3974 si
932 3921 1041 3978 descen·

234 3987 327 4044 denies
343 3993 483 4060 pomanus
501 3993 656 4060 petronace
679 4005 735 4044 non
752 3987 864 4054 labent,
887 3993 942 4044 tnm
960 3991 1041 4046 etiam

233 4055 446 4182 renotem
468 4071 507 4180 lt
533 4055 949 4180 ²tllmrlt³rntlltt
976 4075 1040 4130 θ’·

236 4193 288 4264 ¹4f
323 4191 375 4248 dns
398 4165 462 4248 ενόί
480 4141 716 4274 μυῦεβθσκίαν..
741 4141 828 4264 &sane
854 4191 891 4248 ad
906 4143 1041 4274 Οηκῦῶλιῦι

234 4265 323 4316 antem
335 4259 452 4332 μιαίνει
466 4267 493 4318 et
505 4277 542 4316 en
557 4261 641 4318 latere
655 4267 790 4320 censentes
803 4267 913 4334 coenata
926 4265 1041 4336 patroni

236 4333 266 4380 15
301 4335 329 4384 et
353 4327 543 4386 descendentes
568 4329 626 4386 eins
648 4329 744 4386 liberto
767 4329 920 4386 succedant.
964 4331 1041 4388 Haec

234 4395 325 4452 omnia
342 4395 414 4454 dicta
431 4403 495 4452 sant
510 4397 539 4452 in
557 4413 616 4454 enm
634 4413 737 4464 εοενυι,
757 4413 815 4480 qno
834 4397 924 4454 liberti
940 4399 1041 4458 liberos

233 4463 339 4522 labent.
389 4465 413 4520 si
444 4471 532 4522 antem
563 4465 663 4524 liberos
689 4483 798 4524 ommno
836 4483 892 4526 non
931 4467 1040 4536 labent,

233 4531 283 4588 secl
305 4539 461 4590 testamento
482 4535 561 4604 facto
579 4539 729 4592 cananeas
745 4533 856 4592 ieredes
871 4535 1040 4610 scripserint,

233 4601 486 4740 accurerrit*
504 4601 777 4728 llltllt‘mlin
795 4605 1041 4728 ttoltdlrl,

234 4751 321 4858 εκ
331 4689 582 4876 καυκαλίς
594 4737 986 4866 a„
1010 4749 1041 4800 r

235 4869 349 4944 aptant,
374 4873 421 4954 cel·
437 4873 542 4956 cincias
561 4875 629 4956 tiliis
644 4825 788 4932 λενείίόαε
803 4827 1039 4950 έθίγθῦνίθεθίίλλά

230 4943 339 5020 partem
363 4949 510 5014 conplent,
534 4941 583 4998 scd
606 4949 645 4998 eta
668 4959 715 5000 eos
738 4961 877 5012 coeamus,
901 4953 933 5002 nt
953 4963 1039 5020 snpra

235 5013 342 5088 tertiam
353 5015 465 5082 nartem
482 5009 639 5068 hereditatis
656 5011 746 5070 cinerei
763 5013 886 5086 campere
903 5031 959 5070 non
971 5033 1038 5088 pos-

233 5081 303 5142 sent,
326 5091 412 5156 neque
431 5081 518 5134 tamen
536 5097 639 5146 omnes,
665 5081 712 5154 qni
734 5081 772 5136 ad
788 5081 831 5136 ins
848 5081 1038 5140 hereditariam

254 5151 345 5202 atram
371 5151 516 5212 nocentur,
543 5147 592 5204 sed
621 5149 695 5204 solos
716 5155 867 5220 patronam
888 5157 1038 5224 patronam

230 5163 384 5338 λλίιετοεψιιο
410 5227 504 5292 eornm
529 5223 557 5274 et
578 5223 690 5296 nepotes
714 5217 925 5298 abnepotesqne,
950 5219 1039 5276 idest

235 5299 281 5338 eos
296 5297 327 5338 so
340 5299 372 5340 os
387 5295 438 5352 qne
452 5295 470 5334 a
481 5289 611 5354 patroms
627 5301 712 5358 asqne
729 5285 766 5342 ad
783 5295 906 5358 qnentnm
922 5287 1038 5360 aradam

239 5355 286 5406 lia
320 5347 491 5406 descenderet.
530 5349 676 5410 Ulteriores
697 5355 792 5426 itoqne
814 5371 908 5410 eornm
931 5355 1038 5412 descen-

235 5419 327 5476 dentes
344 5417 386 5478 oel
401 5433 438 5472 en
455 5415 547 5496 latere¹
558 5421 691 5478 venientes
707 5439 764 5478 non
779 5421 878 5480 labent
892 5425 1038 5496 querellam

236 5487 387 5544 testamenti
407 5489 548 5544 extraneos
569 5487 712 5546 irerediins
734 5491 856 5564 serentis,
878 5497 909 5548 nt
932 5491 1038 5548 tertiam

238 5559 267 5610 16
301 5553 468 5612 snbstantias
485 5557 595 5624 partem
617 5559 675 5614 acci
694 5559 760 5614 iant.
805 5557 840 5616 Ut
859 5559 929 5614 enirn
952 5561 980 5614 in
998 5561 1037 5616 in-

234 5625 329 5694 aennis
353 5631 471 5694 tempore
493 5619 573 5676 inias
590 5621 694 5682 Codices
712 5627 853 5700 quadrans
869 5627 904 5682 iis
919 5633 1039 5684 statutas

235 5703 303 5762 erat,
319 5699 368 5770 qni
379 5693 528 5818 inofficiosi
543 5697 692 5750 testamenti
707 5697 855 5768 querellam
868 5715 973 5754 movere
986 5715 1037 5772 po·

236 5771 331 5832 terant,
344 5765 383 5820 ita
394 5781 418 5818 se
443 5763 544 5820 eiectas
554 5759 699 5840 defunctos
711 5771 835 5834 pomona
848 5767 970 5822 trientem
982 5783 1036 5838 μα-

235 5849 294 5888 rnm
308 5833 471 5904 liberamque
485 5831 609 5904 cleantes
623 5835 649 5884 et
661 5829 874 5900 fideicommissis
888 5835 1035 5906 reliqnerit,

1094 3655 1143 3704 16α
1177 3663 1236 3704 enm
1260 3645 1389 3702 excindit.
1425 3645 1488 3702 Etsi
1510 3645 1580 3700 enim
1602 3645 1715 3702 libertas
1736 3645 1827 3702 l'leris
1843 3647 1900 3702 sois

1092 3723 1246 3842 tillir
1259 3713 1900 3856 ltelrtltltrtntredderittlt:

1091 3869 1161 3920 mas,
1172 3859 1204 3910 nt
1246 3851 1368 3908 ναίεσκε
1387 3867 1478 3924 paras
1494 3851 1532 3906 sit
1547 3849 1581 3906 ai
1600 3851 1674 3906 omni
1691 3849 1795 3924 lenate,
1815 3801 1857 3908 ῦία
1874 3859 1900 3906 et

1091 3921 1135 3978 iiio
1148 3869 1330 3994 passagenos,
1348 3927 1385 4000 nt·
1415 3935 1483 4000 υνυςΙ
1500 3919 1532 3974 ab
1553 3919 1625 3976 omni
1642 3919 1733 4000 leonto
1749 3921 1833 4000 triens
1847 3937 1899 4002 γα-

1094 3989 1140 4046 16l
1177 3989 1251 4070 troni
1268 3989 1315 4070 εῖτ.
1350 3987 1383 4044 In
1397 3987 1534 4068 ¹ertatelnes
1557 3995 1645 4068 antem
1667 3987 1800 4068 snoeoetnr
1818 3997 1899 4070 etiam

1086 4063 1219 4200 titillo
1236 4059 1522 4198 timiditati
1543 4053 1898 4198 ,itidentidem

1086 4195 1203 4270 patroni
1228 4199 1318 4250 antem
1346 4193 1375 4248 in
1401 4193 1538 4250 semissem
1565 4191 1697 4248 bonoram
1724 4195 1899 4266 possessione

1091 4269 1188 4320 contra
1213 4263 1320 4318 taleolas
1341 4261 1431 4318 liberti
1448 4263 1541 4334 petita
1569 4279 1626 4316 non
1655 4261 1841 4334 aanoseeieant
1867 4263 1898 4316 li-

1094 4339 1140 4388 too
1172 4329 1296 4386 iterantes.
1334 4329 1431 4386 Omnia
1454 4335 1544 4386 antem
1566 4329 1666 4402 leonto,
1689 4347 1707 4384 a
1748 4329 1828 4386 aibas
1844 4347 1898 4404 μα-

1091 4407 1187 4458 tranas
1211 4399 1341 4456 liberatas
1357 4405 1411 4464 est,
1427 4405 1587 4476 praestanto
1604 4397 1716 4454 heredes
1730 4347 1841 4464 ilberti,
1868 4403 1899 4452 nt

1090 4467 1214 4526 videlicet
1229 4473 1311 4524 anteo
1328 4483 1366 4524 ere
1383 4467 1461 4524 boreis
1474 4465 1626 4524 Falcidiam
1643 4465 1727 4522 bessis
1742 4467 1794 4522 stoi
1810 4467 1899 4524 relicti

1088 4537 1141 4594 sibi
1157 4537 1306 4602 retineant,
1331 4551 1417 4608 necne
1441 4535 1558 4608 amplias
1574 4533 1754 4606 qnadrantem
1770 4535 1818 4590 sed
1833 4551 1897 4590 sea·

1093 4611 1120 4660 li
1158 4609 1259 4660 tantem
1277 4603 1461 4660 tantnnnmodo
1478 4603 1620 4660 retineant.
1661 4599 1723 4658 Sine
1746 4603 1832 4674 iqitnr
1843 4619 1897 4674 pa·

1091 4679 1187 4730 conns
1209 4671 1278 4728 ninii
1301 4673 1409 4728 omnino
1434 4671 1528 4738 labet,
1555 4671 1656 4744 accinat
1681 4671 1816 4738 trientem,
1841 4673 1898 4728 sice

1089 4741 1144 4798 seri
1165 4747 1208 4798 tas
1229 4745 1272 4796 est
1292 4739 1373 4796 lieres
1392 4741 1422 4794 in
1445 4739 1624 4812 quantitatem
1646 4739 1742 4794 triente
1757 4739 1896 4804 minorem,

1089 4759 1211 4884 νεγλόίαν
1225 4825 1318 4882 pnrns
1342 4809 1425 4866 triens
1447 4807 1481 4864 ab
1505 4809 1578 4864 omni
1599 4807 1757 4864 condicione
1780 4813 1808 4864 et
1827 4808 1897 4864 dila-

1091 4879 1163 4936 tione
1184 4875 1261 4944 liler,
1283 4877 1314 4932 id
1338 4883 1380 4932 est
1403 4883 1448 4944 nt,
1475 4877 1539 4932 licet
1559 4875 1670 4932 libertas
1691 4893 1752 4932 enm
1773 4875 1896 4932 heredem

1088 4947 1231 5018 scm'pserit
1255 4945 1304 5002 snb
1331 4945 1503 5010 condicione,
1538 4943 1700 5000 mentionem
1730 4943 1897 5000 condicionis

1092 5021 1141 5070 iia
1176 5013 1309 5070 tollamus.
1356 5013 1455 5070 Veram
1476 5013 1558 5070 etiam
1580 5013 1605 5066 si
1628 5009 1752 5068 condicio
1780 5027 1817 5068 en
1842 5013 1897 5068 iilis

1089 5089 1142 5148 est,
1167 5097 1239 5154 qnae
1262 5083 1370 5138 omnlino
1396 5087 1541 5140 eventurae
1565 5085 1640 5144 sant,
1666 5079 1715 5136 sed
1739 5079 1896 5136 dilationem

1089 5149 1176 5216 lohet,
1195 5150 1278 5208 oelnti
1295 5151 1333 5206 ‘si
1350 5151 1454 5208 cenarit
1476 5149 1656 5208 kalendarum
1678 5149 1801 5228 tempns',
1826 5149 1896 5206 lone

1089 5235 1197 5342 ηέωηνε
1214 5217 1401 5342 εοκίίείοκεγι
1420 5219 1539 5340 collinens
1554 5221 1896 5350 servabetegdeessitrientelm,

1088 5301 1602 5436 σοιήιλέυλιίίῦδαλνῦόκίεῦιυθείρίθήόιλῖς
1624 5301 1733 5406 onuernti
1754 5301 1897 5432 οννλλῗῦλ

1088 5425 1141 5496 ipse
1157 5423 1211 5478 soli
1228 5421 1338 5478 leredes
1355 5429 1428 5490 sant,
1450 5427 1593 5496 praestent
1609 5419 1701 5490 locata
1718 5425 1746 5476 et
1758 5421 1895 5490 fideicom-

1088 5493 1178 5556 missa,
1196 5491 1272 5548 snloo
1289 5491 1392 5546 seilicet
1409 5507 1503 5546 eornm
1523 5489 1633 5544 triente:
1650 5503 1713 5542 nam
1726 5487 1896 5544 Falcidiam

1092 5563 1140 5616 tia
1174 5559 1235 5632 ipso
1255 5559 1351 5616 triente
1367 5559 1444 5614 inest.
1486 5557 1517 5614 Si
1535 5571 1597 5634 cero
1615 5555 1716 5610 nonin
1734 5573 1819 5612 assem
1838 5555 1895 5628 qni-

1088 5627 1160 5694 dem,
1185 5631 1305 5682 attamen
1327 5627 1356 5682 in
1373 5627 1442 5700 plns
1458 5641 1541 5700 qnam
1559 5629 1689 5690 trientem,
1705 5625 1783 5696 forte
1799 5625 1828 5680 in
1845 5639 1896 5682 sea

1088 5693 1130 5752 oei
1154 5701 1215 5752 octo
1238 5697 1334 5752 ancias
1356 5693 1469 5752 heredes
1493 5691 1591 5762 som'pti
1613 5697 1641 5748 et
1665 5693 1763 5764 leontis
1789 5691 1896 5748 onerati

1088 5769 1174 5828 mant,
1195 5769 1251 5820 tnm
1268 5763 1343 5836 qaod
1361 5763 1483 5820 trientem
1500 5761 1609 5840 encedit
1623 5759 1647 5816 le
1667 5761 1763 5816 alariis
1780 5767 1807 5816 et
1840 5759 1894 5816 dei·

1088 5831 1281 5894 commissoriis
1302 5835 1459 5910 praestent,
1486 5829 1619 5900 requnnm
1638 5777 1752 5898 ¹d‘eredcs
1778 5847 1809 5886 so
1822 5833 1893 5892 cani,
