4250 6258
254 361 347 430 VIIII
370 365 388 428 9
637 367 638 370 ’
933 349 1119 460 mitid
1388 371 1434 416 nn
1455 371 1486 418 n.
1509 369 1627 418 ιιιιιιι
1649 367 1695 416 nn
1716 367 1911 418 armannus

254 553 305 612 tur,
337 549 367 598 ut
389 543 418 598 in
440 541 529 610 primis
548 541 653 612 quidem
671 541 704 598 de
722 543 796 596 statu
813 541 960 598 Alexandri
978 555 1059 610 qnae·
1110 555 1184 608 cum,
1208 541 1253 594 nbi
1271 541 1359 596 scelus
1378 539 1462 596 estid
1481 543 1551 612 quod
1568 559 1623 598 uon
1640 541 1746 610 proficit
1763 541 1845 606 scire,
1870 541 1916 597 ubi

254 617 337 678 ratur,
356 613 394 666 ita
411 615 449 678 ut,
467 613 491 666 si
508 627 566 666 eum
584 613 697 666 liberum
715 625 774 664 esse
791 607 912 664 adhibita
924 611 1059 666 audientia
1109 609 1200 664 Venus
1218 615 1337 664 mutatur
1354 609 1382 664 in
1400 611 1510 664 alteram
1529 613 1649 676 formam,
1672 611 1718 664 ubi
1735 611 1818 664 Amor
1836 625 1915 678 quae-

254 679 474 750 deprehenderis,
500 679 715 748 praescriptionis
743 679 768 734 ei
794 679 948 734 obiciendae
974 679 1059 734 facias
1109 677 1177 730 ritnr
1199 693 1249 732 nec
1272 679 1388 734 uidetur:
1412 679 1533 732 iubemus
1556 679 1692 748 insurgere
1710 679 1793 746 leges,
1818 679 1916 732 armari

254 755 426 820 potestatem:
450 749 492 802 sin
509 763 571 804 vero
596 749 706 804 eundem
731 761 836 802 serrum
852 761 912 802 esse
929 763 1059 816 cognore-
1108 745 1167 800 iura
1192 747 1279 814 gladio
1306 747 1408 812 ultore,
1433 751 1464 802 ut
1490 747 1627 816 exquisitis
1651 747 1743 820 poenis
1768 745 1916 802 subdantur

254 819 303 886 ris,
326 817 434 874 remotis
457 817 676 886 praescriptionis
696 815 891 886 impedimentis
909 815 936 868 in
954 817 1058 870 adulte·
1108 813 1228 882 infames,
1247 817 1293 886 qni
1310 821 1373 870 sunt
1386 817 1428 870 rel
1446 815 1492 884 qui
1509 815 1593 870 futuri
1610 823 1674 872 sunt
1689 817 1737 874 rei.
1766 815 1844 870 ¹⁹PP.
1860 815 1915 870 Rc·

253 887 337 940 rium¹
374 887 488 940 ιιίιιιιι2
518 887 642 956 protinus
668 883 777 940 debebis
802 883 935 952 inquirere
962 899 1008 950 ac,
1034 883 1058 940 si
1108 899 1168 938 mac
1185 897 1255 940 ιιιι
1274 883 1301 940 a.
1320 883 1381 940 lan.
1406 883 1564 940 Constantio
1584 897 1626 938 ιιι
1649 893 1677 942 et
1699 887 1844 944 Constante
1861 883 1917 940 11²⁰

253 971 312 1010 eum
335 955 467 1008 detectum
490 955 516 1008 in
541 969 571 1010 eo
593 955 693 1024 flagitio
712 967 770 1008 esse
788 951 969 1021 perspexeris,
992 967 1056 1022 poe·
1108 953 1164 1006 AA.
1184 967 1269 1006 conss.
1803 955 1915 1018 [11342]

252 1039 314 1078 nam
327 1023 476 1090 decernere,
491 1039 568 1092 quam
581 1021 1056 1090 inadulteriicrimenlegumsanctio
1144 1017 1179 1078 31
1206 1017 1267 1088 (32)
1301 1019 1367 1076 ἩΙιιι
1386 1039 1433 1094 pp.
1467 1019 1616 1076 Gratianus
1655 1021 1860 1078 Valentinianus
1890 1027 1917 1076 at

253 1091 355 1146 statuit.
390 1091 424 1146 D.
447 1091 504 1146 ab.
524 1091 561 1146 Sc
581 1099 597 1146 t.
615 1093 671 1146 ΑΛ.
689 1105 777 1146 conss.
944 1093 978 1154 [a.
997 1093 1056 1154 293]
1111 1039 1385 1168 1111011011111411131
1406 1089 1523 1162 Caepio
1542 1105 1594 1160 pp.
1634 1089 1666 1142 In
1689 1089 1813 1146 adulterii
1835 1105 1915 1158 quae·

287 1157 326 1218 26
348 1155 409 1226 (27)
434 1159 509 1216 Idam
557 1161 587 1216 A.
612 1167 639 1214 et
663 1159 710 1214 CC.
731 1157 846 1214 Phoebo.
882 1157 1056 1214 Commissum
1108 1159 1194 1212 stione
1211 1159 1245 1210 ab
1264 1159 1335 1212 omni
1351 1157 1452 1214 familia
1473 1173 1527 1214 non
1545 1158 1629 1212 solnm
1649 1159 1747 1224 mariti,
1772 1157 1916 1214 sedetiam

252 1231 315 1282 ante
332 1227 491 1282 adulterium
508 1245 567 1282 cum
582 1243 621 1296 eo,
641 1227 684 1282 cui
701 1243 730 1282 sc
744 1231 840 1296 postea
854 1225 954 1296 nuptiis
970 1227 1056 1282 socia·-
1107 1227 1212 1292 uxoris,
1237 1243 1306 1294 quae
1328 1231 1419 1282 tamen
1436 1231 1500 1282 tunc
1517 1227 1642 1296 temporis
1662 1225 1733 1280 domi
1749 1227 1839 1294 tuerit,
1862 1241 1915 1306 quo

252 1297 297 1360 vit,
312 1297 459 1352 veiamento
473 1297 634 1352 matrimonii
649 1311 703 1350 non
712 1295 883 1366 extinguitur.
910 1291 966 1348 PP.
977 1307 1060 1348 ιιιιι
1108 1293 1268 1348 adulterium
1291 1295 1397 1350 dicatur
1421 1297 1577 1362 admissum,
1601 1295 1781 1364 quaerendum
1799 1297 1842 1350 est
1859 1309 1916 1348 srne

251 1363 276 1418 t.
296 1361 356 1420 Ian.
377 1363 423 1420 CC.
442 1381 528 1420 conss.
945 1365 1056 1426 [11294]
1108 1363 1262 1422 defensioue
1288 1365 1453 1434 cuiusquam.
1496 1363 1528 1420 D.
1547 1377 1589 1420 ιιι
1613 1363 1648 1418 id.
1673 1363 1736 1418 Dec.
1764 1361 1916 1420 Constanti·

285 1429 324 1488 27
344 1429 404 1500 (28)
422 1431 497 1488 Idem
512 1433 567 1488 AA.
587 1431 670 1488 atCC.
691 1431 843 1488 Concordia
860 1429 982 1504 praesidi
1001 1429 1057 1484 Nu·
1107 1447 1143 1486 no
1166 1431 1204 1486 oli
1220 1433 1341 1488 Arcadio
1358 1435 1389 1488 A.
1409 1441 1437 1488 et
1453 1433 1581 1488 Brutone
1598 1447 1685 1486 conss.
1803 1435 1914 1498 [11365]

251 1501 357 1556 midiae.
392 1501 632 1570 Itanobispudor
650 1501 789 1564 condicet,
812 1499 1059 1578 ιι1ιιιιιιιιιιιιιξ
1141 1447 1183 1558 32
1201 1497 1262 1568 (33)
1281 1501 1414 1574 ²²Imppp.
1434 1501 1602 1558 Taenarum
1618 1501 1752 1556 Arcadius
1774 1507 1801 1556 ct
1823 1499 1916 1554 Hono·

251 1567 335 1636 prisci
360 1569 425 1624 iuris
451 1571 575 1636 ambages
601 1575 627 1624 et
659 1571 851 1626 constituamus
881 1569 909 1622 in
935 1567 1058 1622 adulteri:
1108 1569 1167 1624 rius
1181 1569 1260 1624 AAA.
1276 1569 1378 1640 Rufino
1391 1587 1442 1642 pp.
1478 1569 1611 1624 Adulterii
1628 1567 1800 1624 accusatione
1816 1585 1915 1638 propo·

252 1639 406 1704 quaestione
428 1639 534 1694 abolitis
558 1639 699 1694 demedio
724 1639 818 1694 ceteris
842 1635 1056 1706 praescriptioni·
1109 1637 1161 1692 sita
1186 1639 1411 1708 praescriptiones
1437 1639 1539 1706 civiles,
1566 1639 1663 1708 quibus
1687 1639 1735 1692 aut
1758 1637 1806 1692 dos
1831 1637 1916 1708 repeti

251 1705 302 1760 bus
320 1711 427 1774 praeter
444 1707 615 1776 quinquennii
638 1709 765 1778 temporis
791 1711 816 1762 et
838 1705 963 1760 lenocinii
986 1703 1058 1774 qnod
1108 1705 1216 1776 fingitur
1246 1711 1294 1762 aut
1323 1723 1356 1762 ex
1382 1707 1486 1762 ratione
1511 1707 1601 1776 aliqua
1626 1705 1744 1762 debitum
1769 1705 1914 1774 flagitatur,

251 1773 345 1828 marito
364 1775 479 1830 obicitur
495 1777 690 1846 exceptionem,
714 1777 787 1832 illam
805 1775 892 1840 etiam,
911 1789 978 1844 qnae
995 1777 1058 1840 post
1108 1789 1176 1844 quae
1201 1781 1444 1846 occurreruntque
1472 1781 1638 1846 perstrepere
1661 1775 1777 1828 examini
1803 1789 1915 1830 cousue-

251 1843 367 1896 solntum
398 1845 472 1912 prius
503 1843 701 1900 matrimonium
732 1847 796 1900 ante
832 1843 1056 1898 denuntiationem
1107 1845 1184 1908 runt,
1208 1843 1335 1898 iussimus
1360 1845 1520 1912 sequestrari
1542 1861 1593 1900 nec
1613 1859 1705 1898 earum
1724 1843 1798 1898 obice
1815 1843 1917 1912 aliquid

250 1915 351 1978 nuptae
369 1913 501 1982 competit,
521 1913 600 1968 fidem
617 1915 734 1968 criminis
752 1911 836 1966 nosci.
863 1911 999 1980 indignum
1017 1913 1059 1964 est
1108 1911 1212 1980 negotio
1238 1913 1374 1966 tarditatis
1398 1913 1512 1966 adferri:
1538 1913 1584 1968 sed
1605 1911 1777 1968 accusatione
1793 1909 1915 1978 fundata,

250 1981 327 2044 euim,
343 1985 373 2032 nt
388 1981 514 2036 ultionem
528 1983 639 2050 pudoris
648 1981 807 2054 praestigiae
822 1981 921 2036 versuti
935 1981 1000 2034 iuris
1011 1993 1056 2032 ex·
1107 1981 1159 2036 hoc
1183 1985 1224 2036 est
1241 1997 1301 2034 cnm
1319 1981 1482 2048 constiterit,
1508 1999 1560 2050 quo
1582 1981 1640 2036 iure
1658 1981 1695 2048 (id
1712 1985 1754 2036 est
1770 1981 1858 2036 mariti
1874 1980 1916 2036 rel

183 2115 187 2122 .
250 2049 366 2104 cludant.
390 2047 447 2104 PP.
461 2047 486 2104 lc.
497 2049 558 2104 Iun.
570 2051 657 2106 Tusco
671 2051 835 2106 ctAnuttiuo
845 2065 932 2104 conss.
952 2053 986 2114 [a.
997 2051 1055 2112 295]
1108 2049 1227 2104 extranei
1235 2051 1266 2116 23)
1295 2065 1380 2120 quove
1405 2055 1525 2118 tempore
1551 2051 1622 2104 actio
1646 2049 1729 2104 tuerit
1753 2049 1915 2112 intromissa,

182 2133 186 2162 ι
284 2109 322 2176 28
342 2113 403 2186 (29)
422 2115 503 2188 ⁴Imp.
524 2117 716 2174 Constantinus
737 2119 768 2174 A.
787 2119 948 2188 Africano⁵.
983 2115 1056 2182 Quae
1108 2119 1266 2172 discutiatur
1285 2119 1393 2184 crimen,
1411 2119 1478 2172 facti
1496 2119 1610 2188 qualitas
1628 2117 1792 2188 publicetur,
1811 2133 1872 2172 cum
1888 2119 1916 2172 et

249 2185 408 2242 adulterium
434 2185 577 2256 commisit,
610 2195 700 2242 utrum
726 2185 833 2242 domina
857 2201 995 2254 cauponae
1021 2201 1056 2240 au
1106 2185 1193 2256 iurgia
1219 2203 1287 2254 quae
1313 2187 1492 2256 magnitudine
1525 2187 1683 2256 superant²⁴
1715 2191 1916 2256 praeponantur

250 2255 369 2308 ministra
391 2257 483 2322 fuerit,
507 2257 606 2326 requiri
623 2257 742 2318 debebit,
768 2261 795 2308 ct
813 2255 851 2308 ita
869 2255 996 2324 obsequio
1014 2253 1056 2308 fa·
1107 2259 1134 2310 et
1157 2255 1242 2312 civilis
1259 2257 1329 2310 actio
1349 2257 1480 2310 criminali
1496 2255 1554 2310 inre
1571 2261 1763 2324 postponatur,
1786 2255 1856 2310 idem
1874 2259 1915 2308 ta·

248 2323 349 2378 mutata
375 2325 478 2390 seruili,
508 2329 540 2380 ut
567 2325 723 2396 plerumque
751 2323 810 2392 ipsa
836 2323 1056 2392 intemperantiae
1106 2341 1180 2392 mon,
1207 2341 1267 2380 cum
1295 2329 1446 2394 competere
1472 2325 1603 2394 coeperit,
1630 2323 1756 2380 habitura
1782 2323 1914 2390 momenti,

248 2393 309 2446 abra
326 2393 491 2462 praebuerit:
515 2399 558 2460 ut,
583 2395 606 2450 si
623 2393 730 2448 dominat
747 2393 874 2446 tabernae
890 2393 978 2458 tuerit,
1002 2407 1055 2446 uon
1106 2391 1248 2448 dnmmodo
1269 2409 1324 2448 non
1346 2393 1418 2448 obsit
1435 2393 1556 2448 examini.
1592 2391 1624 2448 1).
1649 2407 1693 2446 ιιι
1707 2391 1743 2446 tu.
1763 2391 1827 2448 Dec.
1847 2391 1914 2446 Con-

249 2461 284 2514 111
302 2475 318 2514 a
335 2461 446 2516 uinculis
463 2461 529 2516 iuris
547 2469 672 2532 excepta,
698 2463 720 2518 ri
743 2477 804 2518 vero
827 2461 983 2530 potantibus
1007 2459 1056 2514 mi·
1106 2461 1227 2516 stuntino
1249 2461 1287 2516 oti
1298 2461 1419 2518 Arcadio
1433 2463 1464 2518 A.
1483 2475 1511 2516 ιι
1526 2467 1554 2516 ct
1565 2461 1668 2530 Rufino
1686 2477 1773 2516 conss.
1810 2465 1844 2526 [a.
1855 2459 1914 2530 392]

248 2529 387 2584 misterium
403 2531 536 2598 praebuit,
560 2545 609 2600 pro
627 2531 729 2586 vilitate
747 2529 803 2584 eius
823 2545 891 2596 quae
907 2529 936 2584 in
953 2535 1054 2584 reatum
1141 2527 1179 2588 33
1204 2535 1212 2598 (
1237 2527 1265 2596 4)
1290 2529 1389 2584 ²⁵Idem
1415 2531 1495 2584 AAA.
1519 2527 1620 2600 Rufino
1640 2547 1690 2602 pp.
1730 2529 1758 2584 Si
1776 2529 1822 2598 qui
1839 2527 1914 2582 adul·

249 2599 389 2652 deducitur
411 2599 582 2654 accusatione
605 2601 714 2654 exclusa
736 2599 812 2654 liberi
830 2597 876 2668 qui
893 2603 1056 2652 accusantur
1106 2599 1167 2654 terii
1190 2599 1290 2652 fuerint
1313 2599 1434 2654 accusati
1457 2603 1485 2654 et
1504 2599 1615 2654 obtentu
1633 2597 1811 2668 proximitatis
1828 2597 1914 2650 inten-

248 2665 408 2734 abscedaut,
432 2683 492 2722 cunr
518 2667 551 2722 ab
575 2667 615 2722 bis
639 2669 744 2722 feminis
762 2665 908 2734 pudicitiae
924 2667 994 2722 ratio
1012 2681 1055 2720 re·
1106 2669 1163 2722 tata
1181 2667 1347 2738 depulerint,
1370 2683 1419 2736 per
1442 2669 1717 2722 commemorationem
1741 2665 1914 2722 necessitudi-

248 2735 381 2856 puiratur,
408 2751 477 2806 qnae
501 2737 567 2790 iuris
592 2737 705 2792 nexibus
732 2737 884 2792 detinentur
909 2737 937 2790 et
962 2735 1053 2790 matris
1106 2737 1147 2790 nis
1169 2735 1248 2790 fidem
1271 2737 1374 2790 crimini
1397 2737 1563 2804 derogando,
1586 2735 1649 2788 dum
1673 2735 1839 2790 existimatur
1861 2749 1914 2788 non

260 2803 361 2858 audias
387 2821 484 2860 nomen
507 2805 654 2872 obtinebit
681 2805 732 2860 hae
755 2809 843 2858 autem
866 2803 996 2858 immunes
1019 2803 1054 2858 ab
1106 2805 1202 2860 debere
1220 2803 1293 2860 credi
1311 2803 1383 2872 quod
1400 2803 1545 2874 adlegatur,
1568 2821 1622 2860 nou
1640 2803 1761 2874 potuisse
1778 2803 1913 2868 committi,

247 2871 387 2926 iudiciaria
411 2873 567 2928 severitate⁷
587 2879 768 2954 praestentur,
793 2887 859 2942 quas
878 2873 966 2928 vilitas
983 2871 1055 2928 ritae
1105 2873 1134 2927 hi
1165 2873 1188 2926 si
1220 2873 1389 2942 postmodum
1419 2873 1448 2926 in
1475 2873 1584 2942 nuptias
1610 2887 1673 2926 suas
1700 2871 1914 2940 consortiumque

248 2941 340 3010 dignas
357 2941 443 3010 legum
461 2944 645 3002 observatore
661 2959 717 2998 non
736 2941 855 2996 credidit.
886 2941 919 2998 D.
939 2955 979 2996 ιιι
991 2957 1053 2996 non.
1106 2941 1291 3010 convenerint,
1317 2941 1422 2996 facinus
1444 2941 1526 3008 illud,
1550 2941 1578 2996 in
1599 2957 1650 3010 quo
1668 2941 1769 2996 fixerint
1785 2939 1913 3006 accusati,

248 3007 325 3064 Febr.
351 3007 501 3066 Heracleae
525 3009 701 3066 Constantino
722 3011 755 3066 A.
779 3023 822 3064 ιιι
845 3015 874 3066 ct
896 3009 1054 3064 Constantio
1105 3009 1247 3064 manifesta
1264 3009 1317 3064 fide
1330 3011 1412 3080 atque
1426 3009 1530 3064 indiciis
1545 3009 1713 3064 evidentibus
1727 3009 1912 3078 publicabunt.

250 3075 275 3130 C.
295 3093 381 3132 conss.
941 3083 975 3144 [a.
995 3083 1053 3142 326]
1107 3083 1119 3132 1
1156 3079 1233 3134 Unde
1251 3079 1337 3148 siqui
1355 3079 1483 3134 eiusmodi
1499 3079 1598 3148 reperti
1615 3077 1725 3140 fuerint,
1743 3077 1869 3134 iussimus
1886 3075 1914 3130 in

282 3143 321 3204 29
340 3141 401 3214 (39)
425 3145 511 3202 ⁸idem
528 3149 560 3202 A.
583 3145 620 3202 ad
636 3145 699 3202 Eua
718 3147 795 3202 rium.
836 3145 959 3214 Quamuis
977 3147 1053 3202 adul·
1106 3147 1213 3204 eosdem
1241 3147 1408 3202 sevedssime
1433 3145 1560 3202 vindicari
1593 3151 1620 3202 et
1652 3147 1732 3202 ueluti
1765 3145 1913 3202 convictum

247 3213 307 3268 terii
331 3215 429 3268 crimen
446 3215 516 3268 inter
538 3215 646 3286 publica
662 3165 802 3280 miratur,
825 3231 936 3284 qnorum
954 3215 1053 3270 delatio
1105 3217 1210 3272 facinus
1238 3217 1442 3340 confessumque
1468 3217 1563 3286 puniri.
1585 3209 1641 3270 Ἰ).
1660 3215 1735 3286 prid.
1761 3231 1824 3268 non.
1849 3213 1912 3270 Dea.

247 3283 275 3334 in
299 3299 437 3338 commune
461 3283 583 3340 omnibus
607 3285 663 3338 sine
686 3285 777 3354 aliqua
802 3283 867 3352 legis
893 3283 1053 3354 interpreta-
1107 3283 1345 3358 Constantinopol'
1376 3283 1525 3340 Tcodosio
1559 3287 1589 3340 A.
1619 3297 1660 3338 ιιι
1688 3289 1716 3340 at
1740 3281 1912 3338 Abundantio

248 3351 319 3404 tione
338 3351 503 3418 conceditur,
527 3355 615 3406 tanam
638 3367 672 3406 ne
690 3351 840 3408 volentibus
858 3357 957 3406 temere
975 3353 1054 3406 liceat
1106 3369 1192 3406 conss.
1654 3411 1656 3416 ,
1800 3355 1834 3418 [α.
1853 3355 1912 3414 393]

246 3419 355 3474 foedare
380 3421 510 3486 conubia,
542 3421 667 3488 proximis
696 3421 918 3490 necessariisque
932 3421 1053 3490 personis
1139 3417 1179 3478 34
1202 3417 1263 3486 (35)
1289 3419 1401 3494 ²⁰Impp.
1427 3419 1569 3474 Honorius
1593 3425 1620 3474 et
1644 3417 1809 3474 Theodosius
1832 3419 1914 3474 App:

247 3487 409 3542 solummodo
428 3488 518 3558 placet
534 3489 632 3544 deferri
650 3489 754 3558 copiam
773 3489 926 3554 accusandi,
944 3491 995 3544 boc
1013 3493 1054 3544 est
1105 3487 1233 3544 Palladio
1245 3507 1297 3562 pp.
1340 3491 1367 3544 Si
1390 3489 1485 3544 mulier
1505 3487 1610 3556 repudii
1633 3487 1769 3544 oblatione
1786 3487 1843 3544 sine
1860 3487 1914 3542 ulla

246 3555 317 3624 patri
335 3555 411 3610 fratri
428 3571 478 3610 nec
495 3573 549 3612 non
572 3563 667 3626 patruo
691 3561 717 3612 et
739 3557 896 3624 avunculoi,
919 3573 985 3626 quos
1008 3573 1053 3610 ue·
1104 3557 1222 3626 legitima
1246 3573 1328 3612 causa
1352 3575 1368 3612 a
1391 3575 1419 3614 se
1444 3555 1501 3612 dati
1522 3555 1684 3622 discesserit,
1707 3557 1913 3610 assiduitatem

251 3631 260 3676 1
296 3639 343 3678 rus
366 3625 443 3680 dolor
465 3625 500 3680 ad
523 3627 718 3682 accusationem
740 3625 861 3706 impellit.
897 3625 950 3680 Sed
967 3625 1053 3682 ethis
1105 3627 1191 3696 stupri
1215 3627 1379 3696 procacitate
1402 3625 1589 3694 commaculet,
1613 3625 1811 3680 accusationem
1832 3641 1862 3680 re
1882 3641 1912 3678 u-

245 3691 366 3762 personis
387 3693 471 3762 legem
491 3695 665 3764 imponimus,
689 3701 719 3748 ut
743 3709 843 3750 crunon
860 3695 1012 3764 abolitione,
1030 3695 1054 3749 si
1105 3695 1176 3748 diato
1197 3697 1294 3750 marito
1317 3697 1376 3750 iure
1400 3695 1551 3750 deferimus.
1591 3691 1626 3750 Ι).
1649 3707 1680 3748 ιι
1701 3691 1736 3748 ta.
1755 3691 1838 3748 Mart.
1884 3709 1913 3746 a·

247 3767 261 3814 2
296 3763 464 3830 voluerint²⁰,
488 3767 667 3832 compescant.
707 3757 739 3818 In
757 3763 848 3832 primis
866 3763 990 3818 maritum
1007 3779 1052 3832 ge·
1104 3779 1206 3820 vennae
1225 3763 1371 3820 Eustattr'o
1390 3773 1416 3820 et
1432 3763 1562 3834 Apricclu
1580 3779 1667 3820 conss.
1799 3767 1833 3828 [a.
1853 3765 1911 3824 421]

245 3829 323 3884 nialis
334 3833 353 3862 ¹¹
380 3829 433 3886 tori
456 3831 585 3886 vindicem
608 3847 667 3886 esse
691 3835 810 3902 oportet,
836 3833 882 3886 cui
898 3831 1002 3900 quidem
1019 3847 1053 3886 ex
1139 3829 1177 3890 35
1197 3829 1259 3898 (36)
1278 3831 1347 3904 Imp.
1367 3829 1537 3886 Iustimanus
1553 3833 1585 3888 A.
1604 3829 1724 3886 Iohanni
1736 3847 1786 3902 pp.
1817 3829 1911 3886 Liber·

245 3897 428 3966 suspicione¹²
450 3915 523 3954 ream
548 3901 685 3970 coniugem
707 3901 798 3956 facere
820 3901 896 3966 licet,
919 3901 960 3956 vel
984 3917 1051 3966 eam,
1103 3903 1186 3954 tatem
1209 3917 1359 3970 servorum,
1382 3901 1428 3970 qui
1450 3901 1485 3956 ad
1508 3901 1651 3956 dominium
1669 3899 1804 3970 pertinent
1821 3899 1911 3952 uxone

245 3967 269 4020 si
290 3971 395 4020 tanturn
418 3967 583 4036 suspicatur,
606 3985 687 4038 penes
709 3985 738 4024 se
755 3967 874 4023 detinere
891 3985 943 4024 non
961 3969 1051 4040 probi·
1103 3969 1144 4024 rel
1158 3969 1248 4024 mariti
1256 3971 1298 4026 rel
1310 3969 1462 4038 parentium
1472 3985 1571 4036 eorum,
1586 3969 1697 4038 repudio
1710 3969 1791 4026 misso
1800 3973 1912 4038 propter

245 4035 324 4090 bettrr
335 4037 367 4090 ¹³:
401 4051 451 4090 uec
476 4037 657 4106 inscriptionis
684 4037 789 4092 vinculo
822 4037 964 4104 contineri,
992 4053 1052 4092 eum
1103 4039 1282 4106 suspicionem
1299 4039 1415 4094 criminis
1431 4037 1563 4102 adulterii,
1577 4039 1664 4106 legum
1679 4039 1830 4094 conditores
1838 4035 1912 4090 intra

245 4105 303 4156 iure
326 4105 413 4158 mariti
437 4117 576 4160 accusaret
584 4107 612 4174 ¹⁴,
635 4111 738 4162 veteres
761 4109 832 4162 retro
854 4105 986 4174 principes
1004 4107 1051 4160 ad·
1104 4107 1217 4162 duorum
1247 4123 1368 4162 mensum
1401 4107 1516 4176 spatium
1544 4113 1607 4174 post
1633 4107 1782 4162 missionem
1808 4103 1911 4176 repudii

246 4177 261 4228 3
295 4179 418 4226 ruerunt.
455 4171 606 4228 Extraneos
629 4177 716 4230 antem
739 4177 833 4244 procul
851 4175 936 4230 arceri
953 4177 987 4228 ab
1006 4191 1051 4228 ac·
1103 4175 1294 4230 numerandum
1319 4177 1448 4246 suspendi
1473 4175 1602 4230 definiunt
1628 4179 1740 4244 propter
1764 4181 1909 4232 tormento-

245 4241 384 4294 cusatione
406 4257 555 4298 censemus:
579 4259 641 4298 nam
664 4245 714 4300 etsi
738 4259 815 4298 omne
836 4259 920 4312 genus
938 4259 1050 4298 accusa·
1102 4261 1161 4298 rum
1179 4245 1370 4312 quaestionem,
1388 4243 1412 4300 si
1430 4261 1497 4314 opus
1514 4243 1638 4312 exegerit,
1662 4245 1700 4298 eis
1717 4243 1909 4314 imponendam.

245 4309 325 4366 tionis
350 4311 496 4366 necessitas
524 4311 705 4382 inscriptionis
737 4311 898 4380 adstringat,
929 4313 1051 4368 nonnulli
1105 4319 1114 4366 1
1153 4311 1199 4366 sm
1224 4327 1285 4366 vero
1307 4329 1376 4366 uxor
1398 4311 1567 4366 matrimonio
1591 4314 1642 4367 sub
1661 4313 1784 4382 praefato
1802 4313 1910 4366 ιιιοιίο28

244 4383 333 4432 tamen
349 4385 473 4446 proterve
489 4379 517 4432 id
531 4379 671 4436 iaciuntet
686 4381 761 4436 falsis
777 4381 942 4434 contumeliis
959 4381 1050 4434 matri·
1102 4381 1230 4436 dissoluto
1247 4381 1327 4436 rebus
1343 4381 1465 4436 humanis
1481 4387 1603 4450 exempta
1618 4381 1706 4446 fuerit,
1721 4381 1787 4434 nihil
1801 4381 1833 4436 de
1843 4387 1908 4436 tem-

245 4451 260 4498 4
294 4447 383 4502 monia
401 4447 558 4504 deformant.
597 4449 771 4518 ¹⁵Sacrilegos
788 4453 879 4504 autem
896 4449 1051 4518 nuptiarum
1101 4465 1179 4518 pore,
1203 4465 1340 4520 quousque
1358 4465 1449 4504 seruos
1468 4465 1512 4504 eos
1528 4455 1639 4518 propter
1656 4453 1827 4506 memoratam
1846 4465 1908 4504 cau·

244 4513 333 4580 gladio
353 4515 443 4586 puniri
460 4521 573 4586 oportet.
609 4517 665 4572 PP.
685 4517 858 4572 Nicomediae
881 4531 924 4572 ιιι
938 4517 964 4572 t.
984 4517 1050 4572 Mai.
1103 4523 1117 4572 2
1154 4533 1209 4572 sam
1227 4533 1383 4588 permanere
1401 4519 1503 4584 deceat,
1520 4519 1647 4572 adiciunt.
1681 4517 1765 4572 Nobis
1783 4533 1845 4574 sero
1863 4533 1909 4572 ne·

247 4581 422 4638 Constantino
440 4585 471 4638 A.
491 4599 535 4640 ιιι
551 4591 578 4640 at
595 4585 753 4642 Constantio
773 4585 799 4638 C.
818 4601 905 4640 conss.
941 4591 1049 4652 [11326]
1070 4611 1072 4618 v
1103 4587 1248 4642 cessarium
1272 4603 1331 4642 esse
1348 4585 1452 4642 videtur
1474 4591 1575 4640 certum
1592 4591 1697 4654 tempus
1715 4587 1796 4642 etiarn
1812 4585 1841 4642 in
1857 4585 1910 4642 hoc

279 4647 318 4710 30
338 4647 399 4720 (31)
419 4651 529 4726 ¹⁶Intpp.
551 4651 723 4708 Constantius
745 4659 772 4710 et
790 4651 924 4708 Constans
939 4655 995 4708 AA.
1014 4655 1052 4708 ad
1103 4671 1168 4710 casu
1189 4659 1307 4710 statuere
1328 4661 1441 4724 propter
1465 4655 1533 4708 dotis
1550 4655 1748 4722 quaestionem,
1769 4657 1858 4708 utrum
1880 4653 1909 4708 in

239 4719 382 4790 poputum.
419 4719 483 4774 Cum
502 4723 540 4774 uir
558 4723 635 4780 nubit
650 4723 678 4776 in
701 4723 838 4790 feminam,
863 4723 990 4778 femina¹⁷
1012 4723 1049 4778 ui-
1101 4725 1205 4778 lncrum
1223 4723 1318 4778 marito
1342 4725 1420 4778 cedat
1436 4739 1472 4778 an
1489 4723 1632 4778 heredibus
1651 4723 1768 4778 mulieris
1783 4723 1908 4778 restitua-

244 4801 288 4840 ror
305 4789 487 4856 proiecturale
504 4789 567 4858 quid
587 4791 695 4860 cupiat?
717 4789 764 4846 ubi
780 4791 995 4860 senusperdidit
1010 4791 1049 4846 lo·
1103 4797 1117 4846 3
1152 4799 1204 4846 tur.
1245 4793 1384 4848 Sancimus
1412 4793 1502 4862 itaque
1523 4791 1589 4846 duos
1614 4789 1693 4846 etism
1715 4807 1818 4848 menses
1846 4795 1908 4864 post

244 4959 275 5024 (1)
291 4959 327 5010 sic
347 4959 414 5026 0112,
431 4961 570 5014 adulterum
587 4961 625 5014 119
689 4965 722 5030 (2)
740 4963 834 5014 crimen
852 4965 899 5020 dai.
918 4965 1050 5018 Mommsen
1100 4963 1219 5018 adunam
1242 4965 1378 5018 Proctirou
1400 4975 1494 5016 anctum
1512 4967 1553 5028 39,
1572 4975 1610 5016 211
1644 4997 1646 5000 -
1694 4967 1741 5030 (19)
1763 4965 1829 5016 viros
1850 4981 1907 5032 pro-

245 5031 278 5092 (3)
295 5041 379 5080 cmues
397 5031 441 5080 ias.
460 5033 513 5080 ΒΣ
527 5034 608 5095 (απ.)
660 5035 693 5098 (ι)
709 5059 745 5078 .—..
761 5033 806 5086 Tic.
824 5035 848 5098 9,
866 5045 913 5098 1,1
965 5037 998 5098 (a)
1011 5051 1048 5086 va.
1099 5035 1194 5084 iectura
1213 5035 1301 5098 ΟΤΙ),
1322 5035 1383 5084 viris
1401 5035 1553 5098 porrecturis
1571 5037 1642 5098 t-ra
1659 5031 1705 5096 Li)
1724 5035 1756 5098 L,
1774 5035 1907 5100 iurisper-

245 5097 315 5148 nddit
335 5095 378 5146 Ta.
436 5099 469 5162 (6)
488 5101 648 5152 etmatrisi.
667 5117 692 5152 n.
711 5101 888 5152 obtinentem.
907 5103 959 5168 Ta,
978 5107 1050 5156 tabet
1099 5105 1223 5154 recturam
1239 5101 1266 5154 R
1323 5105 1372 5168 (19)
1389 5103 1419 5154 D.
1438 5101 1503 5168 prid.
1526 5117 1584 5152 non.
1602 5101 1662 5152 Dec.
1679 5101 1817 5152 Mediolani
1831 5123 1906 5170 proe-

244 5167 297 5216 ΒΣ
310 5165 393 5228 (aar)
444 5167 476 5228 (ι)
495 5171 531 5218 ric
549 5171 604 5220 dett.
623 5189 674 5222 cum
695 5171 738 5222 Ta.
755 5171 807 5218 ΒΣ
817 5171 850 5236 (κ.
861 5171 909 5236 ια),
927 5173 951 5220 ct
968 5171 1049 5236 stupri
1099 5173 1170 5222 mittit
1185 5171 1230 5222 Ta.
1282 5171 1330 5234 (10)
1349 5185 1380 5220 ιιι
1398 5173 1422 5222 et
1440 5185 1461 5222 a.
1475 5185 1497 5220 ιι
1511 5171 1581 5234 Hal,
1599 5173 1700 5222 vrrrret
1715 5185 1736 5220 c.
1754 5171 1813 5224 Tin:
1824 5173 1907 5238 possis

245 5237 269 5284 et
286 5233 403 5284 adultera
421 5233 466 5284 ias.
483 5235 556 5288 Lon
608 5239 642 5300 (s)
661 5257 694 5278 a
715 5239 759 5290 Ta.
778 5239 802 5300 9,
821 5249 872 5302 1,1
925 5241 957 5304 (9)
976 5239 1049 5290 fratri
1100 5241 1170 5290 etiam
1194 5241 1224 5290 da
1250 5257 1312 5290 nnnc
1331 5251 1371 5290 316
1396 5241 1449 5302 (ιιιι
1471 5241 1495 5288 et
1517 5255 1538 5290 c.
1562 5239 1602 5302 ιιι)
1626 5241 1755 5306 copr'tare:¹
1771 5239 1812 5290 rui
1828 5241 1906 5306 :napis

245 5299 435 5372 ...wavunoulol
458 5301 498 5352 uel
521 5305 669 5356 consobrino
691 5309 715 5356 et
737 5307 921 5370 consanguineo
942 5307 1048 5358 maxime
1099 5325 1170 5372 qnam
1187 5327 1211 5358 a.
1230 5317 1270 5360 342
1289 5307 1362 5372 locus,
1379 5309 1422 5358 udi
1439 5309 1498 5358 data
1516 5317 1552 5358 ast
1568 5307 1710 5368 constitutio,
1729 5309 1853 5360 conuenire
1870 5309 1905 5358 υί-

243 5371 317 5422 fratri
335 5373 379 5422 Tt.
431 5371 476 5434 (19)
494 5371 516 5420 si
532 5371 659 5426 voluerint
677 5395 720 5426 om.
743 5375 795 5438 Tit,
814 5377 901 5426 tabent
917 5375 945 5426 B
963 5377 996 5440 (ιι.
1006 5377 1046 5438 π.)
1100 5377 1169 5426 deror
1258 5375 1303 5440 (21)
1321 5400 1355 5420 =
1373 5377 1396 5440 9,
1415 5385 1479 5440 16,ss
1501 5377 1544 5426 Td.
1563 5377 1587 5440 9,
1607 5385 1657 5438 1,4
1742 5375 1790 5440 (22)
1807 5401 1841 5422 =
1861 5377 1905 5428 Ta.

243 5441 285 5504 (11)
302 5441 338 5492 sic
356 5439 402 5492 Ta,
422 5457 472 5490 cum
490 5437 836 5506 mantuanensium
910 5445 954 5508 (12)
974 5443 1047 5494 etiam
1099 5443 1122 5506 9,
1142 5455 1192 5506 ι,1
1244 5443 1292 5508 (aa)
1310 5443 1337 5494 id
1354 5447 1391 5494 est
1406 5459 1440 5494 m.
1457 5443 1497 5494 rel
1514 5443 1626 5494 extranei
1643 5463 1687 5494 arr.
1708 5443 1752 5494 13.
1805 5443 1906 5508 (131ιί

243 5509 345 5560 inaTt.
395 5505 563 5572 (raptatam
580 5523 620 5560 ..4
638 5509 900 5576 prohibuissemus.
953 5515 998 5578 (11)
1007 5513 1047 5560 in·
1101 5511 1154 5574 Tlu,
1170 5511 1392 5578 superanturtibri
1442 5513 1489 5576 (16)
1504 5533 1538 5554 ==
1556 5513 1599 5562 Tt.
1615 5515 1701 5576 9,1,9
1754 5509 1903 5574 (tutaTA.

242 5575 384 5640 scriptionis
460 5579 594 5638 accusaret]
614 5579 681 5628 intra
695 5583 764 5630 certa
781 5581 891 5642 tempora
905 5579 1047 5646 inscriptio·
1097 5579 1204 5642 3,16,2
1289 5581 1338 5644 (21)
1360 5581 1454 5644 imppp.
1471 5579 1600 5632 Honorius
1618 5575 1769 5632 Theodosius
1793 5583 1817 5628 ot
1838 5579 1904 5632 Oun-

242 5643 282 5692 nis
299 5641 400 5694 vinculo
417 5641 541 5694 conuneri
562 5643 605 5692 Tt.
677 5647 723 5710 (rs)
743 5653 755 5708 s
775 5657 788 5698 ι
805 5667 840 5686 =
860 5647 903 5698 21.
923 5651 963 5712 11,
982 5657 1047 5710 ss,t
1097 5647 1203 5698 sunaus
1221 5649 1296 5698 aad.
1318 5647 1362 5700 21.
1448 5649 1496 5714 (11)
1514 5663 1565 5698 non
1583 5649 1629 5698 ias.
1646 5647 1700 5696 ΒΣ
1715 5645 1798 5710 (απ.)
1816 5651 1904 5700 recum

244 5713 289 5776 (16)
307 5737 340 5756 =
360 5713 403 5764 Ta.
422 5715 447 5778 9,
464 5721 514 5776 ’1,3
601 5713 644 5776 (11)
662 5713 778 5766 feminam
795 5713 887 5764 femina
904 5715 936 5782 L,
953 5717 1047 5768 femina
1097 5717 1200 5780 quidem,
1223 5735 1253 5768 nc
1277 5717 1389 5782 temporis
1410 5719 1515 5782 spatium
1532 5719 1584 5768 ciro
1599 5725 1701 5780 propter
1718 5715 1825 5768 marsos
1841 5737 1903 5768 mor·

242 5779 334 5830 femina
354 5781 406 5844 Ta,
424 5781 540 5830 feminam
562 5779 620 5830 CR:
642 5779 691 5834 edo
707 5797 749 5834 τιι
764 5781 801 5834 eis
816 5779 916 5854 ἄρρενα
932 5779 1047 5854 ἁμάρτῃ,
1098 5793 1141 5836 tem
1155 5797 1313 5852 prorogatam
1331 5785 1458 5836 uideatur:
1481 5797 1557 5836 tantan
1577 5783 1690 5834 librorum
1709 5783 1828 5836 terdonam
1847 5803 1903 5838 con·

243 5851 286 5896 καὶ
308 5845 324 5898 ὁ
346 5845 499 5920 ἁμαρτήσας
521 5847 566 5900 καὶ
587 5839 603 5898 ὅ
626 5839 792 5918 ἅμαρτηθεὶι
812 5849 883 5918 ξίφει
900 5845 1045 5918 ἇιιοτεμνέ-
1090 5853 1178 5914 firmat
1195 5855 1249 5902 ΒΣ
1262 5853 1410 5918 (Haletem)
1808 5853 1809 5856 ’
