4250 6258
245 355 301 420 14

246 537 442 622 πρεπεστάτων
467 541 510 592 καί
536 535 735 610 λαμπροτάτων
767 533 905 610 ἀρχόντων
935 533 951 604 ἢ
976 535 1050 610 παρὰ

246 629 303 664 των
327 609 500 676 πειθομένων
518 599 605 658 αύτοῖς
628 601 740 672 τάξεων,
760 607 861 676 ταύτην
877 605 996 678 μηνύειν,
1015 601 1051 658 ῶς

245 673 281 730 ἀν
302 673 318 746 ἡ
341 673 510 752 προσήκουσα
532 671 600 726 κατά
621 673 678 726 τῶν
702 675 903 746 ῥᾳθυμούντων
926 673 1050 748 ἐνεχθείη

246 751 354 814 κίνησις.
406 743 438 798 D.
467 757 510 796 rr
539 739 565 796 lt.
589 739 666 798 Febr.
704 741 940 816 Constantinopoli
965 743 1050 864 1)qu

246 829 318 868 cons.
943 827 966 864 lt·

280 877 318 938 23
341 873 381 932 1‘0
406 871 483 932 αὐτὸς
499 875 624 946 βασιλεῦς
642 883 723 948 Μηνᾷ
741 877 848 952 ἐπάρχῳ
864 811 972 952 coquebar
991 811 1050 932 ίωιά

243 945 388 1002 ’ίδιωτικάς
414 943 529 1018 φυλακάς
554 949 621 1000 πᾶσι
647 947 757 1020 τρόποις
786 953 816 1000 ἐν
841 945 953 1002 πόλεσιν
978 967 995 1014 η
1020 949 1050 1000 ἐν

246 1015 348 1084 κῶμαις
369 1009 572 1088 ἀπαγορεύωμεν
593 1017 798 1082 καθίστασθαι,
830 1011 922 1068 αὐτῶν
950 1013 1052 1084 δηλαδὴ

245 1087 302 1140 τῶν
329 1087 515 1150 κατεχομένων
540 1093 654 1158 προνοίᾳ
680 1087 738 1138 τῶν
761 1081 828 1136 κατά
851 1081 937 1138 τόπον
956 1085 1050 1156 θεοφι-

246 1149 384 1206 λεστάτων
393 1149 551 1206 ἐπισκόπων
565 1155 610 1222 τῆς
622 1153 732 1220 κατοχῆς
751 1149 910 1224 ἀφιεμένων.
944 1151 976 1208 D.
988 1153 1051 1206 πη2

245 1219 271 1276 le.
290 1219 367 1276 Febr.
388 1217 623 1294 Constantinopoli
640 1221 723 1276 Decio
742 1235 814 1274 cons.
932 1221 968 1290 [a.
988 1219 1050 1290 529]

281 1285 320 1344 24
339 1285 426 1342 3Ιιίειιι
449 1287 480 1344 Α.
503 1287 675 1346 Demostheni
692 1305 743 1368 μμ.
784 1289 889 1342 Nemini
907 1289 988 1344 licere
1005 1305 1050 1344 vo-

245 1357 358 1422 lumus⁴‚
383 1355 438 1412 sire
460 1357 493 1414 ab
517 1357 638 1426 ingenuis
657 1357 822 1424 genitoribus
839 1373 906 1426 puer
923 1357 1050 1426 parvulus

246 1431 400 1496 procreatus
418 1425 471 1480 sive
488 1425 645 1480 elibertina
665 1425 790 1492 progenie
809 1425 862 1480 sire
881 1427 969 1480 servili
987 1443 1050 1480 ocn-

245 1495 349 1548 dicione
374 1495 525 1550 maculatus
550 1491 687 1562 expositas
713 1493 762 1562 sit,
794 1507 853 1548 eum
884 1511 996 1564 puerum
1022 1495 1050 1548 in

245 1579 322 1618 snum
344 1561 486 1618 dominium
509 1561 644 1618 vindicare
666 1559 720 1616 sive
743 1563 849 1616 nomine
871 1563 979 1618 dominii
996 1563 1050 1618 sine

245 1629 432 1700 adscripticios
455 1631 507 1686 sive
533 1629 684 1684 colonariae
702 1629 878 1686 condicionis:
899 1631 947 1686 sed
964 1647 1050 1702 neque

245 1699 302 1764 his,
327 1699 371 1768 qui
395 1715 440 1754 eos
461 1697 616 1752 nutriendos
635 1699 808 1766 sustulerunt,
831 1699 964 1754 licentiam
986 1715 1049 1756 cou-

245 1766 303 1822 cedi
323 1767 429 1838 penitus
452 1769 522 1832 tcum
544 1765 659 1834 quadam
677 1765 856 1834 distinctione)
881 1783 926 1824 eos
945 1769 1049 1824 tollere:

244 1837 291 1892 sed
308 1837 380 1892 nullo
400 1833 549 1888 discrimine
566 1833 657 1888 habite
676 1835 702 1900 ii,
722 1835 766 1902 qui
783 1836 816 1890 ab
831 1837 983 1892 huiusmodi
999 1837 1048 1890 ho-

244 1903 358 1960 miuibus
380 1901 486 1956 educati
507 1901 546 1956 vei
570 1903 663 1956 nutriti
681 1903 722 1958 vel
740 1905 811 1960 aucti
829 1909 903 1972 sunt,
929 1905 1005 1960 liberi
1023 1909 1051 1958 et

244 1973 350 2042 ingenui
372 1973 522 2040 appareant
543 1973 570 2026 et
587 1969 637 2026 sibi
653 1969 796 2038 adquirant
819 1979 846 2028 et
863 1975 889 2026 in
907 1973 1049 2042 posterita-

244 2043 298 2094 tem
316 2053 390 2094 suam
407 2039 449 2092 vel
466 2041 605 2092 exmaneos
628 2039 738 2096 heredes
757 2041 844 2098 omnia
863 2057 930 2110 quae
947 2041 1048 2096 habue-

244 2109 304 2176 rint,
324 2123 374 2176 quo
393 2107 471 2162 modo
488 2107 628 2172 voluerint,
648 2109 837 2164 transmittant.
872 2113 939 2164 baec
957 2111 1048 2164 obser-

245 2177 367 2232 vantibus
392 2191 446 2230 non
468 2175 553 2230 solum
576 2175 743 2244 praesidibus
769 2179 978 2248 provinciarum,
1003 2179 1050 2232 sed

245 2245 324 2300 etiam
341 2243 403 2298 siris
424 2243 627 2314 religiosissimis
645 2245 783 2316 episcopis.
823 2245 856 2302 D.
876 2263 920 2302 nn
938 2245 964 2302 le.
990 2245 1047 2302 Oct.

246 2311 413 2368 Chalcedone
430 2311 513 2368 llecio
530 2329 568 2368 υι.
586 2329 659 2368 cons.
931 2317 966 2386 [a.
986 2315 1048 2386 529]

279 2377 318 2438 25
338 2373 378 2434 ⁵‘O
402 2377 480 2434 αότὸς
503 2377 628 2450 βασιλεύς
644 2385 815 2452 Δημοσθένει
839 2383 947 2452 ἐπάρχῳ
971 2401 1048 2470 πραι-

244 2455 360 2522 τωρίων.
398 2445 467 2504 Ὅσα
494 2453 555 2522 περὶ
581 2451 639 2504 τῶν
663 2449 835 2520 καλουμένων
866 2449 959 2518 κύβων
989 2471 1048 2522 ητοι

244 2515 350 2572 κόττων
372 2521 417 2570 καὶ
440 2519 485 2570 fs
503 2515 609 2570 τούτων
626 2517 765 2572 κωλύσεως
787 2515 849 2590 ἡμῖν
870 2521 1047 2590 νενομοθέτη·

243 2607 303 2650 ται,
329 2587 415 2638 ταῦτα
440 2539 534 2668 ἀδειφν
557 2581 666 2656 δίδομεν
688 2591 732 2638 καί
756 2593 810 2642 τοῖς
830 2587 1050 2660 θεοφιλεστάτοις

245 2653 399 2708 ἐπισκόποις
423 2657 467 2706 καί
493 2657 637 2726 ανερευνάν
659 2659 703 2708 καὶ
728 2653 855 2728 γινόμενα
881 2653 978 2712 παύειν
1004 2663 1049 2710 καὶ

244 2719 305 2776 τοῦς
326 2717 507 2790 ἀκοσμοῦντας
529 2719 574 2776 διδι
601 2725 659 2776 τῶν
682 2721 882 2798 λαμπροτάτων
910 2721 1049 2798 ἀρχόντων

244 2793 302 2844 τῶν
325 2791 463 2866 ἐπαρχιῶν
485 2795 529 2842 καί
552 2791 609 2844 τῶν
631 2797 702 2848 ποτέ
718 2813 758 2848 ων
779 2797 825 2846 καί
854 2795 912 2848 τῶν
935 2791 1049 2848 έκδίκων

244 2859 302 2914 τῶν
320 2857 426 2914 πόλεων
444 2861 489 2914 ἐπὶ
507 2857 685 2932 σωφροσύνην
701 2815 854 2934 ἐπανάγειν.
883 2861 979 2920 ἐλπίς.
991 2863 1047 2920 Oai.

246 2925 423 2982 Constantino
445 2927 482 2982 oli
499 2925 583 2982 necto
602 2945 675 2984 cons.
929 2931 966 3002 [a.
986 2931 1047 3000 529]

279 2991 318 3054 26
338 2989 379 3048 ὓὉ
401 2993 479 3050 αυτὸς
501 2993 626 3062 βασιλεύς
645 2993 782 3066 'revisant
804 2995 911 3072 ἐπάρχῳ
929 3019 1047 3072 πραιτω-

245 3069 320 3136 ρίων.
338 3067 404 3136 Περὶ
421 3067 479 3118 τῶν
496 3059 564 3118 καθ’
584 3067 698 3120 ἕκαστον
714 3069 772 3120 έτος
788 3071 847 3120 ταῖς
860 3065 953 3122 πόλεσι
966 3085 1047 3142 προσ-

245 3133 345 3186 ιουσῶν
367 3131 515 3186 πολιτικῶν
537 3131 682 3220 προσόδων
704 3131 720 3202 ἢ
743 3133 836 3208 πόρων
860 3139 888 3188 in
911 3133 1048 3206 δημοσίων

243 3197 260 3268 ἢ
278 3201 306 3264 ἐξ
324 3197 469 3254 ἰδιωτικῶν
485 3221 631 3274 χρημάτων
651 3201 726 3274 παρά
748 3223 834 3256 τινων
853 3199 943 3258 αῦταῐς
965 3203 981 3274 ἢ
1002 3225 1047 3256 κα-

244 3267 489 3340 ταλιμπανομένων
512 3265 528 3338 ἢ
552 3265 591 3322 δω
609 3265 764 3340 ουμένωνῆ
787 3267 872 3324 άλλως
894 3275 1047 3342 ἐπινοουμέ·

244 3357 302 3390 νων
334 3331 350 3406 ἢ
371 3337 675 3424 περιποιηθησομενων,
701 3339 754 3394 εἴτε
780 3341 816 3392 είς
839 3343 904 3414 ἔργα
928 3343 981 3394 εἴτε
1012 3343 1049 3396 εἰς

245 3413 376 3460 σιτωνίαν
398 3407 451 3460 orbs
476 3407 512 3460 eis
534 3403 661 3476 δημόσιον
683 3403 762 3460 όλκδν
784 3409 837 3460 εἴτε
860 3409 895 3462 εἰς
914 3409 1048 3464 ἐκκαύσας

1643 373 1688 418 DE
1709 373 1904 422 nnlsconnrn

1097 535 1252 610 βαλανείων
1269 539 1322 592 εἴτε
1340 537 1374 590 εἰς
1392 535 1515 606 λιμένας7
1533 539 1586 592 εἴτε
1604 539 1640 592 eis
1655 535 1778 608 τειχῶνῆ
1793 537 1905 614 πύργων

1099 605 1237 678 οἰκοδομάς
1253 601 1269 672 ἢ
1285 601 1443 688 γεφυροῦνῆ
1466 601 1658 682 ὁδοστρωσιιόυ
1676 607 1872 682 ἐπανόρθωσιν
1890 603 1905 676 ἢ

1099 671 1190 730 άπλῶς
1212 677 1248 730 εἰς
1270 673 1391 726 τάττων
1409 673 1556 728 πολιτικῶν
1573 697 1589 742 χ
1606 681 1660 730 clas
1682 673 1904 750 προχωρούντων,

1099 745 1151 798 εἴτε
1175 741 1230 798 ἀπὸ
1256 739 1395 812 δημοσίων
1421 743 1473 796 εἴτε
1496 739 1550 798 ἀπὸ
1575 695 1722 798 ἰδιωτικῶν
1745 741 1781 798 ῶς
1802 745 1905 820 εἴρηται

1100 811 1277 886 προφάσεων,
1309 811 1477 880 θεσπίζομεν
1502 813 1538 866 εἰς
1562 807 1663 866 τοῦτὸν
1691 811 1832 868 συνιόντας
1857 811 1905 868 τὸν

1099 879 1314 954 θεοφιλέστατον
1331 881 1479 934 ἐπίσκοπον
1495 883 1564 954 τρεῖς
1586 901 1614 934 τε
1635 883 1694 934 τῶν
1711 877 1905 948 εύυπολὴπτων

1100 955 1143 1002 καὶ
1162 953 1191 1002 έν
1208 943 1294 1000 άπασι
1311 943 1484 1022 προεχόντων
1501 949 1570 1002 κατὰ
1588 949 1638 1018 τὴν
1654 947 1734 1004 πόλιν
1758 949 1831 1004 ibone
1848 949 1904 1002 έκά·

1100 1035 1164 1072 στου
1196 1011 1356 1072 ἐποπτεύειν
1379 1035 1410 1070 τε
1441 1015 1476 1070 τά
1500 1015 1632 1090 γενόμενα
1660 1019 1725 1090 ἔργα
1750 1023 1794 1072 καὶ
1820 1037 1904 1090 παρα·

1100 1083 1237 1150 σκευάζειν
1267 1103 1318 1154 μετ
1335 1085 1428 1138 εἷσθαι
1459 1091 1503 1138 καί
1541 1085 1698 1160 λογοθετεῖν
1727 1085 1788 1138 τούς
1819 1089 1905 1138 ταῦτα

1100 1153 1266 1208 διοικοῦντος
1289 1147 1305 1220 ἢ
1318 1105 1516 1220 διοικήσοντας,
1541 1161 1585 1208 καί
1600 1157 1645 1210 ἐπὶ
1658 1151 1779 1226 πράξεως
1787 1147 1904 1222 ἀπομνη-

1099 1219 1194 1292 μάτων
1217 1219 1336 1294 φανερόν
1351 1223 1479 1292 γίνεσθαι
1502 1219 1533 1276 τό
1557 1221 1757 1294 πεπληρῶσθαι
1779 1221 1814 1276 τά
1833 1225 1851 1276 έ
1862 1243 1904 1294 γα,

1100 1287 1319 1358 ἢδεδωικῆσθαι
1341 1289 1374 1342 τά
1397 1309 1425 1342 τε
1443 1291 1575 1344 σιτωνικὰ
1596 1291 1719 1364 χρηματα
1739 1287 1774 1344 τά
1795 1311 1825 1344 τε
1847 1243 1904 1344 λου-

1100 1357 1218 1432 τρωνικά
1242 1353 1258 1424 ἢ
1282 1363 1343 1430 περὶ
1366 1353 1549 1432 ὁδοστρωσίας
1570 1355 1586 1426 ἦ
1607 1363 1668 1430 περί
1689 1355 1780 1412 ὁλκούς
1796 1355 1905 1414 ῦδάτων

1103 1432 1113 1481 l
1151 1423 1167 1494 ἢ
1193 1429 1270 1498 έτερα
1296 1427 1406 1480 τοιαῦτά
1433 1445 1505 1480 τινα.
1541 1421 1625 1500 Ἅπερ
1650 1423 1760 1482 ἅπαντα
1785 1423 1905 1496 ἀμείωτα

1098 1499 1190 1564 μένειν
1206 1497 1242 1548 εἰς
1260 1491 1308 1546 τόν
1322 1489 1432 1548 ἅπαντα
1449 1493 1607 1564 βουλόμεθα
1624 1493 1721 1564 χρόνον
1735 1499 1779 1548 καὶ
1798 1499 1842 1550 ἐπὶ
1861 1497 1905 1562 τῆς

1100 1561 1221 1634 πράξεως
1243 1565 1301 1642 τῶν
1322 1555 1526 1632 ύπομνημάτων
1549 1561 1707 1648 δηλοῦσθαι,
1732 1559 1767 1616 ῶς
1790 1561 1904 1618 ἀνεύθυ-

1100 1631 1144 1684 nde
1168 1633 1242 1684 deren
1264 1651 1278 1684 ο
1303 1633 1390 1684 ταῦτα
1412 1629 1545 1698 διοικήσας
1568 1653 1584 1702 η
1609 1637 1653 1686 καὶ
1682 1627 1834 1686 ὑπεύθυνος
1856 1633 1905 1702 μέν

1101 1695 1192 1770 ῶφθη,
1210 1697 1242 1752 τό
1259 1693 1290 1750 δέ
1306 1695 1481 1768 ὀφειλόμενον
1498 1695 1650 1756 ἀπέδωκεν·
1672 1705 1716 1754 καί
1734 1693 1818 1756 οῦτως
1835 1701 1905 1766 ἔχειν

1099 1763 1247 1840 ἀσφάλειαν
1283 1765 1332 1820 τόν
1367 1765 1467 1852 ταύτης
1505 1767 1665 1836 τετυχηκότα
1700 1769 1745 1836 τῆς
1776 1765 1904 1854 πράξεως.

1101 1833 1260 1904 8στελοῦμεν
1265 1833 1320 1924 γάρ
1335 1831 1413 1906 ἡμεῖς,
1432 1843 1511 1904 ηνίκα
1520 1831 1555 1890 ἀν
1563 1836 1767 1906 βουληθείημεν,
1785 1833 1905 1906 τονὴμῖυ

1100 1901 1239 1970 δοκοῦντα,
1263 1903 1291 1960 ός
1317 1903 1479 1960 ἐποπτεύσει
1502 1903 1536 1958 τά
1560 1903 1627 1980 παρ’
1657 1907 1748 1960 αὐτῶν
1773 1903 1905 1978 γενόμενα

1100 1971 1246 2046 λογοθέσια
1271 1979 1329 2034 καί,
1361 1975 1435 2046 εἴπερ
1461 1967 1554 2044 ὀρθῶς
1579 1977 1674 2040 έχοντα
1700 1967 1785 2044 εῦρυι,
1813 1975 1905 2044 φῆφον

1099 2041 1239 2110 ποιήσεται
1263 2039 1294 2096 τό
1311 2037 1427 2112 ἀσφαλές
1451 2037 1539 2096 αύτοῖς
1560 2047 1605 2094 καὶ
1622 2039 1794 2128 κληρονόμοις
1813 2039 1905 2096 adacio

1099 2115 1143 2162 nai
1169 2107 1302 2176 διαδόχοις
1328 2107 1434 2164 τελείως
1461 2113 1667 2182 περιποιοῦσαν,
1694 2113 1726 2196 ἐφ
1765 2109 1786 2176 τό
1811 2115 1904 2178 μηκέτι

1100 2175 1232 2252 δευτέρων
1249 2175 1339 2250 λόγων
1360 2173 1377 2246 ἢ
1401 2175 1539 2246 ζητήσεων
1559 2175 1679 2252 ἀφορμάς
1701 2177 1904 2248 υπολελεῖφθαι.

1100 2245 1213 2302 πάντων
1231 2249 1275 2302 ἐπὶ
1293 2249 1352 2300 τῶν
1368 2241 1455 2320 άγίων
1472 2243 1634 2320 εὐαγγελίων
1655 2243 1740 2300 οὕτως
1763 2245 1812 2302 σῦν
1833 2241 1904 2320 ἀκρι·

1098 2321 1161 2384 βείω
1184 2319 1389 2386 πραττομένων,
1413 2309 1449 2368 ῶς
1472 2317 1517 2382 τῆς
1539 2311 1665 2388 ἡμετέρας
1689 2311 1776 2368 αύτοῖς
1798 2317 1904 2382 έπιστη·

1100 2389 1113 2436 2
1149 2389 1267 2452 σομένης,
1293 2379 1363 2436 ‘ina
1381 2377 1415 2436 ἀν
1431 2383 1638 2452 βουληθείημεν,
1661 2383 1811 2446 ἐξετάσεως,
1845 2383 1905 2456 Χρὴ

1097 2455 1190 2522 μέντοι
1217 2405 1344 2506 caniba
1369 2449 1419 2506 τόν
1445 2451 1659 2524 θεοφιλέστατον
1686 2455 1835 2508 ἐπίσκοπον
1860 2457 1905 2504 καὶ

1098 2519 1159 2586 τοῦς
1176 2519 1227 2572 σῦν
1244 2517 1320 2590 αύτῷ
1337 2523 1509 2590 ποιουμένους
1526 2517 1587 2572 τούς
1603 2519 1749 2606 λογισμούς,
1771 2515 1852 2586 linens,
1871 2515 1905 2572 ἀν

1098 2587 1132 2642 τά
1155 2589 1220 2662 ἔργα
1242 2591 1279 2642 εἰς
1301 2587 1442 2662 ἀπέραντα
1463 2591 1509 2656 τῆς
1526 2585 1646 2656 δαπάνης
1669 2589 1815 2662 αφορισθῗ,
1834 2585 1902 2642 καθ’

1099 2659 1213 2710 ἕκαστον
1238 2659 1308 2728 έτος
1324 2655 1455 2726 ἐπιμελῶς
1479 2661 1585 2730 γένοιτο
1614 2659 1643 2710 ἐκ
1668 2659 1726 2710 τῶν
1757 2621 1905 2710 πολιτικῶν

1099 2731 1113 2780 3
1148 2721 1332 2794 cirumscribens
1356 2723 1452 2798 πόρων
1474 2729 1572 2778 τεκαὶ
1595 2721 1747 2800 προσόδων.
1787 2725 1822 2778 Εἰ
1865 2731 1904 2778 έν-

1097 2813 1170 2866 τοιγε
1185 2793 1224 2864 μὴ
1234 2793 1386 2916 βουληθείη
1405 2791 1547 2866 λογισμούς
1563 2787 1717 2860 ῦποσχεῖνό
1735 2797 1821 2848 ταῦτα
1840 2747 1903 2848 δλοι-

1098 2859 1179 2930 κῆσας
1196 2883 1232 2932 μη
1250 2865 1263 2916 ἐ
1280 2857 1422 2930 ἀνάσχοιτο
1440 2863 1487 2914 τοῦ
1506 2859 1717 2932 θεοφιλεστάτου
1735 2863 1793 2916 τῶν
1809 2861 1905 2918 τόπων

1098 2931 1247 2986 ἐπισκόπου
1270 2935 1314 2984 καί
1337 2933 1396 2984 τῶν
1412 2929 1554 3004 κτητόρων
1571 2929 1629 2984 τῶν
1646 2929 1712 3004 πρὸς
1733 2933 1814 2986 τοῦτο
1831 2929 1903 3002 tqu-

1115 3003 1233 3068 ισμέυων
1250 3001 1287 3052 εἰς
1304 2995 1444 3072 λογισμούς
1468 2995 1551 3052 αύτὸν
1568 2995 1733 3064 καλούντων,
1757 3001 1904 3066 τηνικαῦτα

1097 3067 1302 3140 αναγκάζεσθαι
1323 3069 1404 3120 τοῦτο
1426 3065 1558 3138 πράττειν
1582 3063 1626 3118 διά
1647 3069 1695 3120 τοῦ
1716 3067 1904 3138 λαμπροτάτου

1097 3139 1142 3206 τῆς
1166 3137 1293 3208 ἐπαρχίας
1314 3133 1442 3208 ἄρχοντος
1463 3139 1507 3188 καὶ
1524 3135 1570 3202 τῆς
1587 3133 1751 3204 πειθομένης
1767 3131 1842 3202 αύτῷ
1859 3133 1904 3198 τά·

1098 3205 1176 3268 ξεως,
1203 3207 1297 3274 ζημίας
1323 3205 1409 3272 πάσης
1433 3207 1513 3276 χωρὶς
1538 3203 1757 3272 συνωθούμενον,
1781 3199 1824 3274 ἐφ’
1851 3201 1905 3270 ᾡτε

1097 3275 1164 3328 πάσι
1179 3273 1289 3346 τρόποις
1305 3269 1446 3346 λογισμούς
1463 3265 1621 3340 derexissent
1636 3271 1840 3344 θεοφιλεστάτη)
1859 3271 1905 3336 τῆς

1097 3339 1200 3398 πόλεως
1221 3341 1361 3406 ἐπισκόπω
1385 3343 1430 3394 καὶ
1452 3343 1506 3394 τοῖς
1527 3337 1695 3412 πρωτεύουσι
1718 3343 1776 3394 τῶν
1797 3337 1904 3394 πόλεων

1097 3409 1190 3464 καὶτὸ
1210 3409 1375 3482 φαινόμενον
1391 3405 1586 3480 ἐποφείλεσθαι
1604 3407 1671 3482 παρ’
1691 3403 1772 3462 αύτοῦ
1790 3403 1902 3462 ἀποδοῦ-

245 3581 274 3642 (1)
293 3597 312 3630 c.
329 3589 354 3630 ‘tt
374 3581 415 3642 (ε
425 3581 447 3642 9,
458 3591 478 3642 5,
488 3581 511 3644 t)
530 3591 594 3632 extat
613 3583 637 3632 in
649 3583 724 3632 Colle
743 3583 813 3648 ianqe
828 3601 848 3632 ο.
859 3589 884 3634 n
900 3583 924 3632 Ιι.
935 3595 951 3634 t.
963 3583 986 3646 9,
996 3593 1017 3646 4,
1028 3591 1048 3634 6.
1092 3589 1157 3630 estat
1174 3581 1199 3630 in
1217 3577 1278 3630 nott.
1347 3581 1381 3644 (t)
1406 3591 1470 3632 extat
1488 3581 1513 3630 in
1536 3579 1611 3632 ooli:
1635 3579 1707 3646 tonse
1725 3581 1845 3642 3‚10‚t‘?
1865 3579 1904 3644 12,

244 3649 350 3712 arum
428 3649 459 3708 (2)
477 3663 514 3698 xv
531 3667 578 3700 sor.
596 3667 646 3700 can
665 3649 780 3700 emta
855 3651 885 3712 (3)
902 3653 1047 3712 =8,51‚a
1091 3657 1131 3712 it,
1151 3659 1175 3700 12
1198 3647 1244 3712 (ad
1267 3647 1333 3712 §ttj
1415 3649 1448 3714 (t)
1474 3649 1510 3700 sic
1532 3649 1698 3712 Anqastinns,
1723 3641 1818 3714 λίμνας
1844 3649 1903 3700 Call.

245 3717 275 3776 (t)
293 3715 416 3766 sancimus
425 3715 519 3766 nemini
529 3715 603 3766 licere
619 3717 633 3768 l.
642 3735 702 3784 qen.
772 3719 804 3782 (s)
823 3735 842 3768 c.
854 3727 879 3770 25
896 3721 939 3782 (=
948 3721 972 3782 3,
981 3727 1016 3780 ta,
1028 3723 1047 3780 1)
1091 3717 1124 3782 (e)
1145 3723 1157 3778 i
1176 3719 1248 3780 tfln.
1267 3745 1298 3754 ψ
1321 3723 1332 3778 §
1353 3729 1365 3768 5
1384 3743 1416 3762 τ-
1437 3721 1474 3784 10,
1493 3727 1560 3782 σας

245 3835 1903 3864 Wfflmffiffl——uss

244 3919 313 3974 mitti
329 3917 437 3974 rideant
454 3917 487 3972 ab
506 3917 655 3972 illnstridns
677 3919 868 3990 spectabilitas
892 3917 1050 3974 clamssimis
1100 3923 1144 3974 tar
1166 3923 1192 3972 et
1214 3923 1244 3974 at
1266 3919 1387 3972 nationes
1409 3917 1527 3972 reddant
1541 3919 1590 3988 qni
1607 3933 1639 3972 ea
1655 3913 1846 3970 administrant
1863 3915 1904 3972 nol

239 4003 295 4060 pro
319 3991 438 4058 tempore
459 3985 663 4058 moqistnatibns
686 3987 728 4042 nel
750 3987 783 4042 ab
802 3987 905 4058 officiis
927 4003 998 4058 qaae
1014 3989 1049 4042 iis
1098 3985 1336 4050 administrabant,
1359 3991 1387 4040 et
1407 3985 1456 4042 snb
1478 3991 1602 4042 actorum
1625 3985 1797 4054 confectione
1817 3985 1902 4038 mani-

239 4061 354 4128 φονεκί,
381 4053 432 4108 leae
456 4053 646 4120 denuntiandi,
674 4061 705 4110 nt
730 4071 882 4126 eonqrnens
907 4061 995 4112 moins
1020 4057 1048 4108 in
1097 4057 1199 4126 festam
1219 4055 1272 4124 fiat
1295 4071 1379 4126 opera
1396 4055 1526 4126 perfecta
1549 4069 1607 4108 osse
1628 4051 1671 4108 nel
1686 4051 1829 4124 dispensas
1846 4069 1903 4108 esse

227 4129 349 4182 ,contem
369 4129 441 4178 tores
457 4123 512 4176 dini
530 4127 600 4178 οίιιτ.
1092 4123 1227 4196 pecunias
1243 4123 1374 4178 sitonicos
1391 4125 1418 4176 et
1435 4121 1620 4178 balneatoriis
1641 4119 1683 4176 nel
1699 4127 1770 4192 qnae
1786 4121 1815 4174 in
1832 4125 1902 4174 stra-

278 4189 317 4250 23
353 4189 452 4270 demet
508 4207 573 4246 enae
584 4207 635 4272 μγ.
678 4189 806 4252 Montes
823 4209 946 4248 carenos
964 4193 1047 4246 omni·
1099 4195 1176 4246 taras
1193 4189 1234 4246 nel
1251 4207 1339 4260 aqnoe
1355 4189 1452 4244 doctas
1475 4189 1517 4246 nel
1538 4189 1645 4270 reliqna
1668 4187 1800 4268 einsmoqli
1822 4187 1902 4244 desti-

243 4261 323 4314 modo
340 4261 370 4314 in
386 4259 497 4314 artabas
513 4259 555 4316 nel
570 4261 636 4316 neeis
653 4261 781 4316 constitui
803 4267 929 4326 vetamus,
953 4261 987 4314 iis
1010 4261 1047 4316 ai-
1100 4265 1110 4312 t
1153 4263 1234 4314 natae
1259 4263 1331 4312 sant,
1374 4255 1449 4324 θυαε
1480 4275 1569 4312 omnia
1597 4261 1793 4312 immutatam
1822 4273 1902 4312 omine

243 4327 339 4384 delicet
359 4327 406 4398 qni
429 4325 580 4384 detinentur
590 4327 767 4400 procidentia
785 4329 1047 4402 neliqiosissimoram
1097 4343 1190 4384 aennm
1208 4343 1316 4382 monem
1333 4327 1455 4382 columns
1473 4333 1501 4382 et
1514 4329 1652 4398 qestornm
1665 4325 1836 4396 confectione
1873 4341 1902 4378 ο-

244 4397 296 4450 looi
313 4397 501 4468 episcoporum
518 4395 642 4450 custodia
659 4397 812 4452 liberandis.
1097 4393 1151 4450 lam
1163 4395 1237 4464 fieti,
1253 4395 1323 4450 sitne
1337 4395 1443 4450 solatas
1457 4395 1505 4466 qni
1517 4411 1549 4450 ea
1559 4393 1767 4458 administrauit,
1785 4409 1821 4448 on
1837 4343 1902 4448 obit-

278 4461 317 4522 25
335 4463 411 4518 Idem
431 4465 462 4518 A.
480 4461 653 4522 Demostheni
670 4483 720 4538 μγ.
761 4465 854 4522 Etiam
876 4465 1047 4536 reliqiosissi·

243 4535 294 4588 mis
316 4531 451 4606 episcopis
473 4531 609 4586 licentiam
632 4531 831 4600 demessam,
856 4549 926 4604 qaae
944 4531 978 4588 de
996 4539 1046 4606 tes-

242 4603 311 4658 seris
327 4617 397 4672 qnae
415 4605 545 4656 noeantnr
562 4599 605 4654 ael
620 4603 699 4656 cottis
716 4607 744 4656 et
758 4601 792 4658 cle
809 4619 903 4658 eornm
921 4601 1045 4672 probiti-

245 4669 317 4726 tiane
334 4669 528 4732 constituimus,
545 4669 574 4722 in
593 4669 700 4724 nitendi
717 4675 744 4724 et
758 4669 784 4724 α’
798 4671 870 4740 ficiet
881 4669 1046 4740 reprimendi

243 4753 276 4816 ae
292 4737 475 4808 delinquentes
490 4753 546 4808 per
563 4685 729 4792 clarissimos
743 4739 950 4816 provinciaram
961 4755 1045 4816 qrae-

242 4803 314 4858 stdos
335 4811 362 4860 et
378 4809 477 4876 pones
499 4803 709 4876 defensoresque
732 4807 869 4860 civitatum
890 4805 928 4860 ad
944 4811 1045 4860 saneta·

245 4879 294 4928 tem
312 4887 371 4926 com
390 4873 494 4930 ellmdi.
605 4935 606 4938 Ἰ

277 4935 649 5024 intemeratamque.
689 4939 732 4996 ne
751 4939 882 4996 reditibus
924 4959 975 4996 nae
992 4941 1045 4996 sin·

1096 4459 1902 4540 qatnsqaidomapparueritidaatemqnoddetnitpcrsol-

1096 4531 1178 4588 verit·
1193 4537 1221 4588 et
1236 4531 1276 4586 sie
1297 4531 1468 4588 securitatem
1481 4531 1581 4586 tabem
1593 4547 1653 4586 enm
1666 4545 1710 4600 qne
1725 4527 1796 4584 dano
1809 4545 1900 4584 ennom

1096 4599 1220 4672 suscepit.
1255 4615 1305 4654 nos
1323 4601 1401 4666 enim,
1419 4599 1643 4672 quandocumque
1659 4597 1798 4664 videbitne,
1816 4597 1901 4652 mitte-

1096 4683 1155 4720 mus
1179 4683 1257 4746 qnem
1279 4667 1431 4740 placuerit,
1476 4669 1505 4722 ni
1531 4665 1707 4746 redonaret
1731 4665 1788 4720 illis
1808 4665 1903 4744 [actas

1096 4741 1233 4792 examinet
1249 4741 1289 4804 et,
1312 4735 1337 4790 si
1357 4741 1429 4792 recte
1448 4685 1529 4808 ἀνοία
1545 4735 1683 4800 inuenerit,
1700 4737 1834 4788 sententia
1851 4751 1902 4788 sna

1091 4803 1203 4926 qlenam
1219 4805 1389 4858 securitatem
1406 4805 1473 4878 ipsis
1491 4801 1685 4882 laeredilasqne
1698 4807 1725 4856 et
1741 4801 1902 4858 successori·

1112 4887 1145 4926 as
1161 4887 1254 4928 eornm
1266 4877 1404 4944 praestet,
1428 4879 1459 4928 nt
1475 4889 1531 4926 non
1548 4871 1665 4944 amplias
1682 4867 1799 4924 aliarum
1815 4871 1902 4924 rodo·

1096 4955 1159 4994 nam
1180 4939 1222 4996 nel
1243 4939 1449 5012 inquisitionnm
1476 4939 1583 4996 occasio
1612 4937 1791 5018 relinqantur.
1832 4955 1903 5008 qnae

242 5009 315 5088 qnlis
335 5007 415 5062 arinis
440 5007 477 5062 ad
500 5009 801 5090 adultatione-neniam
816 5025 858 5088 ¹ero
869 4959 989 5088 publicis
1005 5009 1047 5064 uel
1097 5007 1187 5062 omnia
1203 5009 1374 5082 praepositis
1390 5009 1494 5062 sanetis
1517 5005 1675 5078 enanqeliis
1688 5021 1728 5060 sic
1759 5005 1902 5086 dilianator

245 5153 288 5200 tar
305 5143 347 5200 nel

242 5219 348 5278 nannet,
374 5209 429 5266 sine
454 5209 492 5264 od
517 5229 601 5284 opera
622 5215 678 5270 siae
700 5213 738 5268 ad
758 5229 815 5268 rem
828 5213 1046 5336 frumentariam

242 5281 298 5338 sive
314 5279 351 5336 ad
362 5277 489 5360 publicos
506 5295 594 5350 aquae
617 5281 714 5336 doctas
737 5281 826 5338 sicea
862 5281 959 5338 balnea
977 5281 1044 5336 eale-

239 5347 373 5420 faeienda
392 5363 449 5404 stne
469 5343 506 5400 od
524 5353 627 5416 portas
647 5349 702 5404 sine
722 5349 759 5404 ad
776 5351 972 5406 emanationem
989 5367 1045 5404 ma-

242 5433 335 5472 sonnns
359 5415 401 5474 nel
424 5413 537 5470 termam
559 5413 615 5470 sine
636 5417 674 5470 ad
694 5419 822 5490 pontiam
851 5425 1045 5474 stratnrarnm-

243 5503 294 5556 qne
315 5485 491 5556 refectionem
513 5481 562 5554 nel·
577 5479 691 5554 deniqne
712 5485 882 5560 inquilinos
904 5503 970 5542 nsns
986 5503 1044 5542 ero-

242 5551 358 5624 qandae,
377 5557 431 5608 tam
447 5569 486 5608 eor
495 5549 616 5632 publicis
629 5565 710 5628 qnam
724 5571 762 5608 ea
773 5553 893 5626 privatis
910 5555 999 5608 rancis
1016 5557 1047 5608 nt

243 5619 409 5686 dictumest,
424 5635 567 5686 sanamus,
581 5623 615 5674 nt
626 5635 655 5672 ιιι
668 5635 749 5674 annm
763 5623 924 5678 conveniant
936 5621 1045 5700 neliqio-

239 5075 356 5150 potentis
367 5077 506 5198 qecaniis,
530 5095 601 5148 qnae
621 5095 657 5132 ns
679 5077 712 5132 ale
736 5077 871 5146 aliquibus
890 5077 1045 5150 nelaisqnnn-
1093 5077 1178 5146 fiant,
1202 5093 1261 5130 enm
1284 5081 1381 5132 nostra
1403 5077 1432 5130 in
1451 5075 1543 5132 nisitio
1568 5073 1677 5146 qnando

386 5149 504 5198 onantnr
520 5145 563 5200 ael
584 5145 640 5200 alio
658 5143 738 5200 modo
755 5143 857 5200 daniae·
872 5161 921 5200 sen
938 5161 1046 5224 compa·
1096 5149 1110 5198 2
1145 5143 1232 5200 instet.
1281 5093 1491 5224 Ριομεναιιάαω
1517 5147 1607 5198 antem
1631 5147 1673 5198 est
1697 5141 1900 5212 reliqiosrssimo

1701 5071 1819 5152 libnent¹
1834 5075 1902 5146 ipsis

1095 5211 1222 5290 episcopo
1245 5213 1332 5284 iisqne
1355 5229 1401 5284 qm
1426 5229 1485 5268 enm
1508 5227 1539 5266 eo
1556 5209 1850 5278 rationesconficinnt‚
1870 5215 1902 5266 nt

1094 5297 1117 5334 se
1136 5297 1191 5350 qna
1209 5297 1224 5334 o
1246 5299 1293 5336 era
1311 5281 1454 5336 continuos
1470 5283 1594 5362 sumptas
1612 5279 1762 5350 requirant,
1786 5277 1902 5350 sittqalis

1095 5347 1174 5404 annis
1203 5299 1347 5420 alianto
1369 5365 1406 5404 ea
1454 5347 1550 5402 atticis
1573 5345 1712 5418 fruendas
1738 5351 1764 5400 et
1789 5347 1901 5424 samnti-

1096 5421 1110 5470 3
1146 5415 1195 5470 bns
1208 5421 1402 5472 restaurentur.
1427 5365 1507 5482 θυοδ
1519 5417 1544 5470 si
1558 5413 1763 5470 administrator
1780 5419 1902 5468 notiones

1094 5483 1207 5542 reddere
1238 5485 1357 5540 nolanit
1385 5501 1474 5556 neqae
1504 5501 1521 5538 a
1550 5481 1752 5554 neliqiosissimo
1780 5479 1902 5536 loeornm

1095 5551 1221 5626 episcopo
1235 5551 1494 5626 possessoribnsqne
1508 5551 1546 5608 ad
1556 5551 1585 5606 id
1601 5551 1710 5606 delectis
1727 5549 1764 5604 od
1779 5549 1902 5628 rationes

1094 5619 1246 5676 reddendos
1263 5621 1371 5678 evocari
1387 5637 1416 5676 se
1436 5621 1542 5686 siverit,
1570 5623 1626 5674 tam
1646 5635 1700 5698 per
1722 5617 1900 5672 clarissimam

242 5689 363 5744 desimus
384 5689 527 5770 episcopas
548 5693 574 5744 et
591 5691 645 5742 ines
666 5687 717 5740 nini
734 5687 820 5744 bonae
838 5689 1046 5746 existimationis
1090 5689 1251 5762 prouinciae
1270 5689 1427 5762 praesidem
1453 5689 1630 5760 afficiamque
1658 5703 1681 5740 et
1712 5683 1846 5756 sabditnm
1871 5685 1901 5738 ia

234 5761 269 5828 et
282 5757 311 5836 in
327 5773 399 5836 cmm
413 5773 443 5812 re
454 5755 777 5836 naseioltqtisqso·imarii,
790 5761 816 5810 et
831 5761 884 5812 tam
898 5759 975 5828 facta
990 5759 1044 5836 siri·
1094 5757 1188 5836 facere
1211 5763 1327 5836 coqatnr
1343 5773 1377 5836 aa
1398 5757 1458 5812 siae
1480 5755 1540 5836 nlla·
1554 5773 1648 5836 poena
1666 5753 1852 5834 compellatur,
1870 5757 1902 5808 at

242 5821 314 5896 qnlas
326 5841 406 5878 annes
420 5841 502 5896 opero
515 5829 663 5896 inspiciant
676 5839 756 5896 qaam
768 5829 869 5890 carent,
888 5831 919 5878 nt
934 5831 1043 5880 metean-
1094 5823 1296 5896 reisqeosissimo
1321 5835 1448 5898 episcopo
1472 5829 1500 5880 ei
1516 5829 1653 5880 noitatnm
1668 5821 1837 5900 pannonius
1851 5837 1898 5876 ra·
