4266 6266
244 363 274 426 ΙΙ
297 365 419 428 21--26

1051 351 1104 422 llo

1416 373 1461 418 DE
1483 371 1574 418 FILIO
1597 367 1751 416 uenturas
1770 367 1899 416 Minoas

916 451 1214 464 W*

242 561 274 598 ox
292 561 373 602 causa
389 547 417 600 in
435 545 564 612 integrum
582 541 756 596 restitutionis
779 539 889 596 heredes
908 539 964 594 eius
983 557 1044 594 con-

242 615 329 668 venire
347 623 431 684 potes.
450 679 451 682 Ἴ
467 611 499 666 D.
519 625 553 662 ar
569 611 594 664 le.
613 607 749 682 Aupffl
769 625 854 662 coriss.
933 613 966 672 [a.
986 611 1044 670 tus]

257 677 293 740 ·8
320 683 388 752 ¹lhpr
411 723 417 734 .
442 677 582 732 Hortarius
612 683 639 730 et
668 677 831 732 Theodosius·
854 675 909 728 AA.
935 673 1044 728 Iulluno

236 765 396 820 proconsua
420 747 540 816 Africae
581 745 748 800 Minoribus²
773 745 800 800 in
830 743 885 808 bis,
916 757 983 810 quae
1005 742 1046 795 vel

240 817 463 884 praetermiserint
486 815 527 866 vel
549 815 740 880 ignoraverint,
764 809 907 866 innumeris
929 809 1044 864 auetori-

242 885 342 938 tatibus
362 887 466 938 constat
485 897 542 936 esse
560 883 717 936 consultum.
753 881 786 936 D.
798 879 872 950 prid.
889 893 951 932 nou
962 875 1044 932 Mart.

241 951 385 1004 llacennac
405 949 562 1004 Cerastantlo
581 967 617 1006 oc.
637 967 708 1004 covas.
932 951 966 1010 [a.
986 949 1044 1010 414]

275 1015 292 1074 9
313 1017 392 1088 ³Ivnp.
419 1017 491 1070 Zeno
514 1019 545 1072 A.
569 1017 682 1074 Aeliano
698 1033 751 1096 'pp
793 1013 854 1068 Non
872 1013 976 1066 videtur
994 1013 1044 1066 cir·

242 1085 415 1152 cumscriptns
434 1101 492 1138 esse
509 1085 607 1152 minor,
631 1087 676 1154 qui
696 1099 752 1138 rnre
770 1083 804 1136 sit
822 1097 885 1136 usus
906 1079 1045 1136 communi.

241 1151 272 1206 D.
291 1151 317 1208 le.
337 1153 396 1208 lore.
416 1151 540 1208 Basilio⁴
557 1171 628 1208 corus.
932 1155 966 1214 [a.
985 1151 1044 1212 480]

511 1361 594 1418 XXll
617 1355 762 1432 (21111144

395 1461 441 1510 nn
459 1459 553 1508 nuato
571 1457 732 1508 enarratas
751 1457 893 1506 ursona.

276 1555 351 1622 142)
375 1559 456 1630 6[carpi.
482 1555 635 1610 Garutianus
658 1559 687 1610 A.
715 1553 870 1610 Carrdieno⁷
895 1555 980 1608 militi.
1017 1553 1045 1606 Si

239 1627 324 1680 frater
349 1635 418 1692 tuus,
446 1641 506 1678 curn
523 1631 648 1678 mutuam
674 1625 814 1692 pecuniam
840 1623 987 1690 acciperet,
1017 1621 1044 1674 in

240 1695 322 1760 patris
339 1695 391 1748 fuit
407 1697 539 1762 potestate
556 1707 604 1746 nec
620 1693 695 1746 iussu
716 1691 773 1744 eius
791 1707 840 1744 nec
858 1695 951 1744 eontra
968 1705 1044 1746 sena-

240 1771 282 1818 tus
302 1763 450 1816 consultum
469 1765 633 1814 contractum
653 1765 700 1826 est,
725 1765 833 1826 propter
849 1759 981 1814 lubricum
1000 1773 1043 1812 ae-

240 1831 303 1884 tatis
320 1829 445 1882 adversus
464 1843 522 1880 eam
539 1827 687 1880 cautionem
705 1829 732 1880 in
749 1825 879 1894 integrum
898 1827 1043 1880 restitutio·

239 1913 300 1950 ritem
325 1897 413 1964 potuit
438 1895 582 1964 postulare.
626 1895 681 1948 PP.
701 1907 742 1948 111
767 1909 828 1948 ceola
859 1893 914 1950 oa.
943 1893 993 1948 Pio
1019 1897 1045 1946 ct

240 1965 376 2020 Pontiano
395 1979 480 2018 corus.
931 1967 965 2026 [o.
984 1963 1043 2024 238]

274 2029 291 2088 2
317 2033 356 2098 (1)
380 2029 454 2086 [dent
477 2029 508 2084 A.
529 2027 669 2100 Tryphoni
690 2027 776 2082 militi.
818 2027 903 2084 Filius
920 2029 1043 2090 familias,

239 2101 262 2154 si
287 2099 374 2152 minor
398 2097 490 2166 viginti
515 2097 629 2166 quinque
652 2097 729 2150 annis
754 2111 802 2164 pro
831 2103 957 2150 extraneo
979 2097 1044 2150 fide-

239 2167 329 2230 iussit,
352 2167 380 2220 in
396 2167 527 2234 integrum
546 2165 739 2218 restitutionem
757 2165 894 2232 postolare
911 2183 964 2220 non
982 2179 1044 2232 pro-

239 2235 352 2288 hibetur.
396 2235 443 2288 sed
470 2239 497 2286 et
522 2233 545 2286 si
562 2247 610 2300 pro
633 2237 711 2300 patre
734 2247 782 2286 suo
800 2229 940 2286 fideiussor
957 2231 1044 2288 extitit

239 2303 315 2370 eique
332 2303 401 2356 diem
419 2317 495 2356 suum
512 2299 604 2354 iuncto
622 2315 675 2354 uon
698 2299 842 2364 successit,
863 2299 891 2354 in
914 2301 1044 2368 integrum

239 2369 433 2424 restitutionem
450 2369 585 2436 postulare
602 2371 699 2438 potest.
736 2365 768 2420 D.
787 2365 811 2420 lc.
831 2367 882 2422 Iul.
905 2367 1047 2424 Gordiano·

239 2439 270 2492 A.
289 2449 359 2492 1141
376 2435 543 2508 Pcrnpeiuno
560 2453 646 2490 consa
931 2441 964 2500 [a.
984 2437 1042 2498 241]

489 2629 599 2702 'nnis
620 2639 781 2722 (nutrius

378 2743 424 2792 DE
441 2741 716 2814 ninntossonnsos
733 2739 900 2790 MINORUM.

277 2841 289 2900 1
313 2841 399 2922 Irnpp.
420 2839 532 2894 Seruus
550 2841 735 2894 etAntonc'nus
743 2839 798 2892 AA.
818 2839 936 2910 Myroni.
965 2839 1042 2894 Post·

240 2927 318 2978 quam
344 2927 372 2964 m
398 2909 527 2974 integrum
553 2909 647 2962 aetatis
675 2907 803 2962 beneficio
835 2907 975 2962 restitutus
1006 2921 1042 2972 es,

240 2979 386 3046 paericulum
404 2973 539 3030 evictionis
558 2975 677 3044 emptori,
701 2975 744 3030 cni
761 2975 898 3042 praedium
916 2991 948 3028 ex
965 2973 1042 3028 botris

239 3047 357 3114 paternis
380 3043 532 3108 vendidisti,
557 3047 693 3110 praestare
716 3059 769 3096 non
792 3043 901 3110 cogeris.
946 3043 993 3098 sed
1011 3057 1042 3094 ea

238 3131 280 3168 res
305 3113 486 3176 fideiussores,
510 3113 555 3178 qui
577 3127 624 3178 pro
647 3117 674 3164 te
689 3111 888 3176 intervenerint,
914 3125 1042 3164 excusare

240 3197 293 3234 non
311 3183 405 3248 potest.
433 3193 513 3246 quare
531 3179 650 3230 mandati
666 3179 771 3242 iudicio,
792 3179 814 3232 si
833 3179 972 3258 pecuniam
989 3179 1042 3232 sol·-

239 3251 324 3302 verint
348 3253 394 3302 ant
418 3245 583 3302 condemnati
602 3245 707 3312 fuerint,
732 3247 902 3310 converreris,
923 3245 1002 3300 modo
1020 3245 1043 3300 si

240 3333 270 3372 eo
293 3331 396 3386 quoque
419 3315 523 3368 nomine
545 3315 718 3368 restitutionis
739 3313 837 3370 auxilio
860 3329 914 3368 non
935 3313 1040 3368 iuvaris.

239 3383 294 3440 PP.
311 3389 345 3438 'vn
363 3383 388 3436 lc.
407 3379 462 3438 Oct.
482 3379 579 3436 Seuero
595 3383 626 3434 A.
645 3389 673 3436 ct
685 3379 783 3436 Albino
805 3397 891 3434 conse.
929 3387 963 3446 [a.
984 3385 1041 3444 194]

272 3449 291 3506 2
310 3449 396 3520 Itapp.
413 3449 599 3504 Diocletianus
616 3459 642 3504 et
651 3449 838 3506 Maximianus
846 3449 901 3504 AA.
922 3449 1040 3504 Curioni.

239 3519 267 3572 Si
293 3533 336 3582 ea,
364 3533 431 3586 qnae
456 3515 504 3570 tibi
530 3515 646 3570 vendidit
667 3515 860 3584 possessiones,
884 3517 1040 3584 interposito

231 3587 344 3642 decreto
369 3583 496 3654 praesidis
518 3583 612 3636 aetatis
634 3581 814 3642 tantummodo
838 3585 936 3638 auxilie
966 3585 1041 3638 adiu-

238 3661 327 3716 vatur,
352 3669 405 3706 non
428 3657 468 3706 est
486 3651 595 3704 dubium
611 3651 793 3710 fideiussorem
811 3667 844 3704 ex
860 3667 975 3720 persona
992 3665 1042 3706 sua

190 3747 192 3750 ·
241 3721 381 3776 obnoxium
406 3735 464 3774 esse
488 3719 645 3772 contractui.
680 3735 771 3774 verum
788 3719 811 3772 si
829 3719 888 3774 dolo
906 3719 975 3772 malo
994 3735 1040 3788 ap·

239 3789 356 3858 paruerit
390 3791 556 3842 contractum
587 3787 771 3856 interpositum
801 3803 874 3850 esse,
908 3785 1041 3842 manifesti

239 3857 321 3912 iuris⁹
347 3863 387 3908 est
413 3855 517 3922 utrique
543 3869 673 3922 personae
704 3859 759 3908 tam
784 3855 935 3908 venditrieis
963 3869 1041 3922 quam

238 3923 400 3978 fideiussoris
423 3921 613 3976 consulendum
635 3939 702 3978 esse.
740 3921 768 3976 S.
792 3937 822 3974 vr
842 3921 867 3976 lr.
887 3921 951 3976 Mai.
975 3923 1041 3976 Dio-

239 3993 355 4048 cletiano
374 4007 414 4046 nr
430 3995 456 4046 et
473 3987 643 4046 Maximiano
661 3991 716 4046 AA.
735 4005 820 4044 conss.
929 3996 962 4053 [a.
981 3995 1039 4052 284]

506 4197 621 4256 ΧΧΠΙΙ
641 4197 780 4270 (xxva

293 4297 324 4346 st
341 4295 450 4348 TUTOR
467 4295 536 4346 vni.
553 4295 707 4348 OURATOR
724 4295 988 4346 lnnnnvnnnatr.

275 4393 287 4452 1
309 4393 377 4466 Imp.
396 4393 550 4448 Antoninus
562 4395 594 4448 A.
610 4393 776 4450 Marcianas.
811 4395 840 4448 Si
856 4397 910 4450 iam
926 4397 1040 4466 puberes

238 4463 375 4532 utriusque
401 4477 481 4516 serus
506 4463 655 4530 parentium
677 4463 851 4518 hereditatem
868 4465 968 4532 adistis,
993 4463 1040 4520 sed

237 4533 316 4586 etiam
339 4547 410 4584 nune
431 4529 459 4582 in
483 4545 515 4584 ea
537 4533 623 4586 aetate
641 4533 717 4598 estis,
741 4537 832 4596 uteo,
856 4533 927 4600 quod
950 4539 1039 4600 pater-

237 4615 287 4652 nae
304 4597 444 4652 hereditati
461 4613 507 4652 tos
526 4597 672 4666 obligastis,
695 4601 723 4652 in
745 4599 875 4664 integrum
893 4601 1038 4654 restitutio-

237 4667 277 4722 nis
302 4667 427 4720 auxilium
449 4667 570 4734 accipere
594 4667 724 4732 debeatis,
749 4667 819 4720 adite
841 4683 888 4736 per
911 4683 1038 4736 procura-

237 4735 335 4788 44144Η
354 4737 455 4788 vestros
465 4733 612 4802 praesidem
623 4733 789 4854 dprovinciae.
827 4735 897 4802 quod
914 4737 936 4790 si
953 4735 1038 4802 legiti-

237 4817 306 4854 mam
327 4807 441 4856 aetatem
462 4801 591 4868 implestis
612 4801 690 4868 ique
712 4807 830 4870 tempus,
854 4805 1037 4868 4441411144-

237 4883 312 4938 grum
333 4869 438 4922 restitui
458 4869 579 4936 possins,
603 4871 717 4922 excessit
725 4871 753 4932 ¹2,
776 4875 910 4924 curatores
927 4877 1037 4934 vestros,

238 4937 260 4992 si
277 4935 402 4990 adversus
420 4953 465 4990 eos
483 4937 600 4990 nondum
617 4937 718 5004 experti
734 4937 806 5000 estis,
828 4937 924 4994 iudicio
944 4953 1036 4994 secun·

238 5005 300 5058 dum
324 5003 436 5056 formam
461 5003 525 5058 iuris
552 5005 696 5060 eonvenite.
745 5003 800 5058 PP.
821 5019 848 5058 11
869 5021 931 5060 non.
950 5005 1036 5078 April.

237 5071 321 5126 Laeto
339 5075 366 5126 et
383 5069 490 5124 Cereale
506 5087 593 5126 conss,
925 5079 959 5138 [a.
978 5077 1035 5136 215]

1094 545 1168 608 gesta
1177 539 1284 602 fuerint,
1301 537 1329 590 in
1343 537 1474 604 integrum
1485 533 1660 590 restitutionis
1670 533 1796 588 auxilium
1805 549 1899 602 super·

1095 625 1161 674 esse,
1181 609 1203 662 si
1221 605 1392 662 circumventi
1409 607 1480 668 suut,
1499 605 1608 674 placuit.
1694 625 1695 628 ¹

1129 673 1146 734 3
1166 675 1254 730 Inar.
1277 671 1465 728 Diocletianus
1488 679 1513 728 el
1535 671 1722 726 Maximianus
1743 669 1798 722 AA.
1819 667 1899 722 Nico-

1094 743 1169 798 medi.
1203 693 1294 796 liliam
1316 739 1344 794 in
1362 739 1416 806 his,
1442 757 1510 808 quae
1526 739 1658 792 minorum
1675 743 1776 794 tutores
1793 737 1834 790 vel
1852 751 1898 790 cu·

1094 817 1196 866 ratores
1217 813 1286 866 male
1308 807 1420 876 gessisse
1443 809 1551 878 probari
1573 809 1698 874 possunt,
1722 805 1786 860 licet
1808 819 1899 872 perso-

1094 879 1149 930 nali
1175 881 1280 932 actione
1306 893 1323 930 a
1347 881 1436 928 tutore
1462 875 1503 932 vel
1527 880 1650 930 curatore
1673 889 1750 928 suum
1775 871 1900 940 consequi

1094 947 1210 1012 possint,
1240 947 1268 998 in
1293 947 1422 1010 integrum
1448 941 1623 998 restitutionis
1649 941 1775 994 auxilium
1802 941 1899 992 eisdem

1094 1013 1239 1068 minorihus
1266 1013 1324 1068 dari
1348 1013 1400 1064 iam
1427 1013 1529 1078 pridem
1554 1009 1663 1078 placuit.
1706 1007 1739 1064 D.
1758 1021 1814 1062 1ch
1835 1023 1898 1060 nou

1094 1079 1159 1134 Mai.
1178 1079 1303 1136 Marinio
1322 1095 1349 1132 rr
1365 1085 1392 1134 et
1408 1079 1536 1148 Aquilino
1556 1093 1641 1132 coras.
1689 1115 1690 1118 η
1787 1081 1820 1140 [a.
1841 1079 1899 1136 2841]

1128 1145 1266 1202 4¹³Idcnt
1291 1147 1346 1202 AA.
1374 1153 1400 1202 cl
1428 1145 1474 1202 t'C.
1499 1145 1616 1200 14414444.
1657 1145 1684 1198 Si
1708 1143 1821 1198 meditor
1846 1157 1900 1196 nou

1094 1221 1207 1268 vestram
1223 1229 1373 1282 personam,
1397 1215 1443 1268 sed
1461 1219 1614 1268 curatorum
1631 1219 1739 1268 secutus
1757 1227 1816 1266 curn
1835 1209 1899 1278 ipsis

1094 1289 1262 1338 contractum
1279 1281 1373 1336 hahuit
1390 1287 1416 1336 et
1434 1283 1467 1336 ab
1487 1283 1551 1352 ipsis
1569 1279 1711 1348 stipulatus
1729 1285 1777 1344 est,
1800 1279 1899 1332 nubam

1094 1351 1116 1404 ei
1140 1367 1249 1418 prorsus
1273 1349 1399 1406 adversus
1423 1367 1469 1406 vos
1491 1351 1623 1404 actionem
1644 1355 1794 1416 competere
1815 1345 1898 1400 nrani-

1093 1419 1191 1472 i'estum
1208 1425 1256 1472 est.
1295 1415 1352 1472 vlt.
1363 1415 1428 1470 Mai.
1448 1415 1657 1472 HeracliaoAA.
1677 1433 1762 1470 covers.
1795 1421 1829 1478 la.
1840 1417 1899 1476 293]

1128 1483 1241 1542 5Ielent
1261 1485 1316 1538 AA.
1342 1493 1370 1538 et
1391 1483 1438 1538 CC.
1464 1483 1613 1540 Valentino.
1655 1483 1744 1538 Etiam
1766 1481 1899 1536 tutoribus

1094 1553 1134 1608 vel
1158 1555 1325 1610 curatoribus
1348 1553 1556 1608 distrahentibus
1574 1551 1615 1606 vel
1634 1553 1701 1604 alias
1721 1547 1899 1606 contrahenti-

1095 1623 1143 1676 bus
1166 1623 1279 1676 miuores
1302 1625 1356 1672 tam
1381 1619 1485 1674 restitui
1502 1621 1581 1674 rebus
1599 1619 1713 1688 propriis
1732 1635 1810 1688 quarn
1827 1621 1898 1670 tuto·

1094 1707 1152 1742 rum
1177 1691 1218 1744 vel
1244 1693 1397 1744 curatorum
1423 1689 1518 1742 damna
1542 1685 1629 1754 sequi,
1661 1689 1731 1740 nullo
1758 1685 1796 1740 eis
1822 1699 1899 1762 prae-

1093 1757 1190 1812 iudicio
1217 1773 1264 1826 per
1291 1757 1446 1810 electionem
1472 1753 1630 1824 generanda,
1658 1757 1764 1824 placuit.
1815 1767 1845 1806 vr
1862 1749 1897 1806 td.

1094 1823 1156 1880 Dec.
1178 1823 1223 1880 CC.
1244 1839 1329 1880 corvos.
1787 1827 1821 1886 [a.
1841 1823 1898 1882 294]

1367 2031 1448 2090 xxv
1472 2027 1625 2104 (navtur

1094 2129 1124 2178 SI
1150 2129 1188 2178 IN
1214 2127 1374 2180 bonnoni
1399 2129 1590 2186 Ennnnoon
1613 2127 1719 2176 CAUSA
1745 2127 1782 2174 IN
1805 2123 1898 2174 Inru-

1217 2197 1312 2246 GRUM
1329 2197 1528 2246 nutritorio
1547 2195 1772 2248 rossonn'lon.

1130 2293 1143 2350 1
1167 2293 1275 2368 ¹⁵Impp.
1295 2293 1482 2350 Diocletianus
1499 2303 1526 2350 ct
1540 2295 1727 2350 Maximianus
1735 2291 1790 2346 AA.
1809 2299 1835 2346 et
1852 2289 1897 2344 CC.

1093 2361 1212 2418 Domitio
1223 2367 1243 2396 ¹⁶
1264 2361 1396 2436 Aphobio.
1438 2363 1494 2418 Nee
1520 2363 1544 2418 si
1568 2363 1653 2416 maior
1676 2361 1790 2430 quinque
1814 2363 1841 2414 et
1862 2357 1898 2414 vi-

1091 2431 1158 2498 ginti
1175 2431 1252 2486 annis
1270 2447 1344 2486 soror
1362 2435 1449 2486 vestra
1466 2431 1525 2498 fuit,
1548 2429 1623 2486 vobis
1640 2447 1694 2484 nou
1712 2429 1898 2482 mandantibus

1092 2513 1141 2552 nec
1163 2503 1249 2552 ratam
1271 2499 1477 2552 transactionem
1500 2499 1661 2554 habentibus
1685 2497 1716 2552 de
1733 2497 1791 2550 iure
1810 2499 1898 2550 vestro

1093 2567 1234 2636 quiequam
1247 2567 1366 2622 minuere
1380 2567 1474 2634 potuit.
1509 2585 1571 2620 nam
1589 2567 1611 2622 si
1630 2565 1740 2632 cognitis
1758 2579 1826 2632 quae
1839 2579 1898 2630 ges·

1093 2635 1156 2688 serit
1181 2635 1222 2690 his
1251 2649 1408 2690 consensum
1432 2643 1494 2704 post
1515 2633 1607 2702 viginti
1634 2639 1661 2686 et
1683 2633 1797 2702 quinque
1814 2645 1898 2684 annos

1092 2703 1186 2756 aetatis
1205 2701 1398 2768 commodastis,
1418 2703 1536 2772 quamvis
1554 2705 1601 2758 illa
1614 2699 1699 2756 minor
1713 2717 1763 2768 pro
1778 2699 1899 2768 portione

1092 2771 1200 2838 propria
1214 2771 1389 2826 restitutionis
1402 2771 1529 2824 auxilium
1542 2771 1682 2838 implorare
1694 2769 1779 2836 possit
1787 2769 1814 2832 ¹⁷,
1824 2767 1898 2822 vobis

1092 2843 1180 2892 tamen
1198 2839 1232 2892 ad
1250 2839 1494 2894 communicandum
1511 2839 1590 2894 edicti
1607 2835 1728 2922 perpetui
1742 2835 1898 2890 beneficium

1093 2905 1148 2960 eius
1166 2913 1241 2960 aetas
1259 2907 1423 2976 patrocinari
1444 2923 1498 2960 non
1516 2911 1611 2976 potest.
1647 2905 1674 2960 b.
1693 2919 1734 2958 111
1749 2903 1785 2958 iel.
1803 2903 1898 2972 Aup.¹⁸

1094 2971 1140 3028 CC.
1160 2991 1247 3028 colcos.
1784 2975 1817 3036 [o.
1838 2975 1896 3032 aot]

1352 3113 1448 3172 xxvi
1471 3113 1638 3204 (14441114

1232 3213 1263 3262 SI
1280 3211 1452 3264 ADVERSUS
1470 3211 1545 3262 REM
1562 3209 1758 3262 tontoarssl.

1129 3308 1142 3365 1
1173 3309 1240 3382 Imp.
1267 3311 1425 3366 Alexander
1449 3319 1480 3368 A.
1509 3311 1595 3366 Iuliis.
1636 3311 1726 3362 Minus
1749 3325 1782 3362 ex
1799 3311 1898 3362 tutelae

1091 3377 1188 3432 iudicio
1214 3379 1350 3434 consecuti
1374 3379 1406 3434 de
1429 3379 1563 3448 superfluo
1588 3377 1686 3434 habere
1710 3377 1841 3432 actionem
1860 3379 1898 3430 ita

1091 3445 1217 3514 potestis,
1241 3449 1263 3500 si
1286 3455 1403 3514 tempore
1425 3449 1515 3502 iudicii
1538 3447 1653 3500 minores
1671 3447 1747 3500 annis
1766 3445 1854 3500 inistis
1872 3451 1898 3500 et

1091 3529 1162 3566 nunc
1187 3515 1344 3568 beneficium
1367 3517 1461 3570 aetatis
1484 3515 1558 3570 vobis
1582 3515 1700 3582 largitur.
1741 3523 1857 3568 ceterum
1875 3513 1898 3566 si

1091 3585 1153 3650 post
1169 3581 1313 3648 legitimam
1330 3589 1443 3636 aetatem
1462 3583 1593 3638 sententia
1610 3581 1714 3650 prolata
1732 3585 1780 3644 est,
1800 3581 1896 3636 iterato

1091 3647 1200 3704 eandem
1225 3651 1357 3704 actionem
1383 3651 1416 3704 de
1442 3653 1524 3704 isdem
1557 3651 1695 3720 speciebus
1721 3651 1818 3704 inferre
1844 3665 1896 3704 uon

1091 3717 1210 3784 potestis.
1246 3717 1302 3772 PP.
1326 3733 1343 3772 v
1364 3717 1388 3772 lr.
1408 3719 1485 3774 Febr.
1504 3717 1672 3790 Pompeiano
1691 3725 1716 3772 et
1733 3715 1896 3788 Pelipniano

1091 3801 1176 3838 coruos.
1793 3803 1816 3838 a.
1837 3791 1881 3838 231

1126 3849 1143 3908 2
1171 3851 1239 3924 Imp.
1268 3851 1423 3908 choiarcus
1448 3855 1480 3908 A.
1500 3851 1623 3908 Serenae.
1669 3853 1710 3920 Si,
1734 3791 1794 3908 eud
1820 3789 1898 3922 paterl

1090 3927 1152 3974 tuus
1175 3927 1202 3974 te
1224 3921 1253 3974 in
1276 3937 1325 3976 sua
1341 3927 1474 3988 potestate
1493 3937 1551 3974 esse
1568 3921 1726 3990 minimeque
1745 3921 1895 3990 emancipa-

1090 3989 1188 4042 tionem
1205 4003 1221 4040 a
1240 4005 1268 4044 se
1285 3991 1383 4046 factam
1397 3989 1485 4044 valere
1499 3989 1607 4052 diceret,
1625 4005 1672 4056 pro
1691 3989 1799 4044 consule
1816 4005 1896 4058 super

1091 4071 1173 4110 eausa
1190 4073 1352 4124 cognoscens
1370 4059 1427 4112 te²⁰
1451 4059 1506 4112 eius
1526 4057 1653 4126 potestati
1670 4057 1816 4112 subiectam
1833 4073 1895 4124 pro-

1090 4125 1262 4190 nuntiaverit,
1288 4141 1347 4178 cum
1371 4125 1497 4178 adversus
1519 4141 1577 4178 eam
1601 4125 1756 4178 sententiam
1780 4125 1808 4178 in
1828 4125 1894 4178 inte-

1088 4207 1164 4256 grum
1190 4193 1294 4246 restitui
1319 4193 1452 4260 postules,
1479 4193 1502 4248 is
1530 4195 1573 4262 qui
1597 4191 1759 4262 provinciam
1781 4193 1846 4260 regit
1866 4193 1895 4246 in

1088 4259 1263 4328 impertienda
1276 4259 1425 4328 cognitione
1438 4277 1500 4316 suas
1513 4267 1604 4330 partes
1613 4259 1758 4314 secundum
1767 4261 1838 4328 leges
1847 4277 1894 4316 ex·

1089 4327 1197 4380 hibebit.
1214 4325 1483 4382 PP.rrvlc.Dec.Pio
1493 4327 1665 4382 etPenttuno
1676 4343 1761 4382 conss.
1790 4331 1893 4394 [at381

1123 4391 1140 4452 3
1166 4393 1235 4466 Inep.
1258 4395 1404 4474 Philippus
1421 4397 1452 4450 A.
1477 4403 1504 4450 et
1519 4395 1665 4466 Philippus
1684 4393 1734 4448 0²¹
1757 4397 1893 4450 Aeliaaee.

1089 4463 1221 4518 Adversus
1249 4469 1405 4518 sententiam
1431 4463 1499 4530 eius,
1527 4463 1572 4532 qui
1598 4467 1662 4518 tune
1688 4463 1744 4518 vioe
1766 4463 1894 4532 principis

1088 4529 1226 4596 iudicavit,
1258 4531 1286 4584 iu
1312 4531 1443 4598 integrum
1469 4531 1644 4586 restitutionis
1670 4531 1796 4584 auxilium
1822 4531 1894 4600 apud

1088 4603 1236 4666 praetorem
1259 4615 1306 4652 seu
1328 4599 1477 4668 praesidem
1499 4599 1649 4668 provinciae
1667 4599 1840 4653 clarissimum
1857 4601 1893 4654 vi·

1088 4683 1146 4720 rum
1169 4665 1288 4734 flagitare
1310 4683 1477 4736 nequaquam
1493 4673 1582 4736 potest
1608 4681 1668 4720 nam
1691 4665 1817 4722 adversus
1836 4667 1891 4722 eius

1088 4733 1258 4800 sententiam,
1283 4735 1328 4802 qui
1351 4735 1407 4790 vice
1430 4735 1557 4804 principis
1575 4735 1705 4804 cognom,
1729 4735 1801 4788 solus
1819 4735 1891 4802 prin·

1088 4817 1151 4880 ceps
1175 4803 1304 4858 restituet.
1344 4801 1400 4856 PP.
1420 4817 1503 4856 rvrrr
1524 4803 1549 4856 le.
1568 4801 1637 4856 Nou.
1661 4801 1789 4874 Philippo
1811 4803 1842 4856 A.
1866 4807 1894 4856 et

1090 4871 1196 4922 Titiano
1214 4885 1300 4924 conss.
1780 4875 1813 4934 [a.
1832 4873 1890 4934 245]

1123 4935 1142 4992 4
1160 4935 1247 5008 impp.
1265 4937 1452 4992 Diocletianus
1468 4943 1495 4992 et
1510 4935 1698 4994 Maximianus
1706 4937 1761 4990 AA.
1776 4937 1890 4992 ortano.

1089 5003 1155 5058 Cum
1178 5009 1204 5058 44
1225 5007 1339 5060 minores
1364 5021 1410 5060 uos
1433 5021 1490 5060 esse
1514 5003 1656 5060 adfirmetis
1680 5009 1707 5058 44
1730 5005 1890 5066 indefensos,

1087 5073 1189 5126 nullum
1209 5075 1283 5128 vobis
1306 5073 1498 5140 praeiudicium
1522 5073 1578 5126 fieri
1604 5087 1711 5140 praeses
1739 5073 1891 5140 provinciae

272 5137 376 5210 2Imp.
386 5135 542 5192 Aieaander
555 5141 585 5192 A.
596 5139 762 5194 Maeuianae.
797 5139 945 5196 Minoribus
961 5141 1037 5194 annis
1087 5155 1135 5206 pro
1160 5155 1208 5194 sua
1229 5143 1359 5208 gravitate
1377 5141 1488 5194 curabit.
1527 5157 1587 5192 nam
1609 5139 1630 5192 si
1649 5141 1720 5194 iusta
1737 5141 1890 5194 defensione

236 5207 326 5288 viginti
350 5205 464 5274 quinque
487 5205 564 5282 etiam
581 5207 609 5286 in
627 5207 681 5286 his,
694 5223 774 5288 ‘quae
791 5209 1036 5326 praesentibnstu·
1086 5213 1204 5260 tutorum
1221 5210 1269 5290 vel·
1286 5213 1438 5288 curatorum
1458 5207 1533 5290 vobis
1556 5207 1700 5286 adsistente
1720 5207 1818 5288 aliquid
1836 5211 1890 5288 sta-

236 5277 338 5330 tonbus
355 5275 396 5330 vel
413 5273 578 5328 curatoribus
602 5291 629 5328 m
646 5275 741 5328 1ud1cro
761 5291 790 5328 ve
819 5281 894 5330 euna
910 5277 1036 5330 mdiorum
1086 5279 1173 5328 tutum
1191 5281 1239 5342 est,
1262 5277 1889 5344 rntessagltls111integrumrest1tut10n1sauts1·

237 5443 652 5510 (11.-.Τή.2,14,4;444943,4,4
692 5443 1035 5510 (stetmulieribusetmiuu
1085 5447 1173 5508 2,11,1
1213 5447 1368 5510 (tillitus
1403 5449 1603 5512 (attinuerunt,
1614 5457 1634 5496 1.
1645 5447 1667 5506 t,
1678 5455 1746 5508 1414
1782 5447 1827 5510 (14)
1846 5447 1889 5498 do·

237 5513 306 5560 ribus
323 5513 366 5562 Th.
401 5513 511 5578 (sliunpe
521 5513 584 5574 inti,
594 5519 628 5560 28.
649 5513 671 5572 5,
682 5521 740 5572 7544
791 5513 927 5576 [alteias.
942 5519 1033 5580 5,tt‚o
1085 5513 1155 5564 mitto
1174 5519 1197 5580 4,
1207 5527 1239 5576 st,
1250 5525 1269 5578 4,
1288 5533 1330 5564 om.
1351 5515 1407 5564 libri
1463 5519 1505 5578 (11)
1523 5511 1784 5580 implorarepossitD
1794 5533 1845 5564 eum
1855 5515 1889 5576 Β,

236 5581 377 5642 lslBto,s
412 5581 618 5642 (4444444141
653 5579 684 5638 (t)
695 5579 877 5644 candidianus,
891 5581 996 5630 44114144
1011 5583 1033 5644 4,
1084 5579 1239 5644 implorasset
1249 5583 1356 5632 PL⁶CR
1408 5583 1452 5644 (14)
1462 5581 1535 5632 Febr.
1545 5601 1590 5634 ser.
1601 5599 1652 5630 cnm
1667 5583 1690 5642 4,
1701 5591 1733 5644 st,
1743 5591 1764 5634 4.
1784 5583 1808 5644 8,
1819 5591 1853 5644 44,
1863 5595 1887 5634 14

236 5656 293 5708 tal
334 5647 477 5712 (8)B10,o
516 5645 753 5708 (alsiedctt.cumB
772 5649 1035 5712 (animositatum
1085 5647 1264 5714 (19)Β10,9
1363 5649 1411 5714 (24)
1429 5665 1577 5714 cognoscens
1594 5651 1617 5696 te
1635 5641 1677 5696 Ml
1695 5667 1745 5698 eum
1762 5651 1789 5700 B
1806 5643 1888 5720 drayt-

238 5711 305 5762 Poe
356 5713 507 5776 (10)Β10,1
560 5711 1035 5780 (11)41”404414Β(κ.π.),4414444443
1085 5709 1200 5768 44544444
1226 5735 1267 5780 σε,
1299 5719 1460 5780 cognoscente
1481 5717 1595 5780 ΨΕΜα,
1622 5719 1782 5778 cognoscente
1807 5721 1831 5766 te
1858 5713 1899 5768 CI·

236 5779 282 5842 (11)
299 5783 335 5832 sir
353 5781 385 5832 M
400 5799 450 5832 eum
468 5781 494 5830 B
512 5783 545 5846 (a.
562 5783 611 5846 π),
633 5779 767 5832 excessistis
786 5781 831 5832 GR
902 5785 948 5852 (13)
964 5785 1035 5852 inape
1085 5783 1129 5848 (21)
1148 5789 1173 5834 et
1189 5783 1251 5850 phil.
1268 5801 1289 5836 e.
1308 5787 1373 5848 dett,
1391 5803 1434 5834 om.
1452 5785 1521 5834 SPR
