4258 6258
242 359 360 422 QUIBUS
380 357 450 404 NON
473 349 652 400 OBIOIATUR

241 547 242 550 ¹
275 523 389 586 3Idem
403 521 459 578 AA.
477 523 505 574 ct
520 515 566 572 CC.
582 515 763 588 Apollinaris.
791 519 867 578 Unus
884 517 1046 574 individuum

241 609 381 652 commune
404 605 454 658 pro
479 585 563 640 solido
587 587 727 656 possidens
752 589 890 646 intervallo
910 589 1047 656 temporis,

240 663 381 736 quominus
405 655 493 712 socius
518 655 665 724 portionem
683 657 819 714 uindicare
836 657 879 712 vel
896 673 956 712 cum
974 673 1046 710 com-

239 733 313 786 muni
330 723 471 784 dividundo
489 723 588 778 iudicio
609 741 756 792 provocare
792 727 865 792 55511,
884 723 1046 780 555115155-

241 801 320 864 ditur,
336 811 395 850 cum
410 807 495 860 neque
510 791 760 850 15511155555155511
780 811 811 852 ae
827 793 953 850 iudicium
961 809 1047 862 neque

241 863 372 922 communi
393 859 534 916 dividundo
557 861 627 916 actio
653 861 802 918 excluditur
825 863 898 932 longi
921 861 1046 930 temporis

240 929 459 1006 praescriptione.
486 943 528 982 m
543 929 603 984 ieA
624 931 668 982 rii.
680 927 763 984 Sirmi
775 931 820 988 CC.
836 949 921 988 censs.
942 935 975 996 [a.
987 935 1045 994 291]

274 997 460 1060 4151511111.
485 997 577 1054 erac.
619 997 696 1054 iotae.
736 997 919 1054 Hereditatem
942 997 1046 1068 quidem

241 1067 392 1142 petentibus
418 1065 490 1134 longi
516 1067 642 1134 temporis
669 1069 842 1136 praescriptio
869 1083 966 1124 nocere
992 1083 1046 1122 non

241 1139 339 1210 potest.
365 1149 458 1190 rerum
473 1135 514 1190 his
524 1135 540 1200 ¹,
556 1135 600 1204 qui
614 1149 663 1188 nec
678 1149 726 1202 pro
743 1135 842 1192 herede
856 1153 905 1192 555
920 1153 968 1204 pro
983 1153 1044 1204 pos-

240 1219 354 1270 sessore,
373 1201 420 1258 sed
437 1219 487 1270 pro
508 1205 642 1270 emptore²
659 1201 701 1258 rel
722 1201 819 1258 donato
839 1221 886 1258 seu
900 1207 953 1260 alio
966 1203 1044 1258 titulo

239 1293 282 1330 555
308 1287 377 1342 quae
403 1271 579 1326 hereditariae
602 1275 665 1324 sunt
690 1271 731 1324 rel
758 1273 868 1326 fuerunt
898 1273 1045 1342 possident,

240 1361 300 1400 cum
326 1341 360 1396 ab
386 1339 435 1396 his·
452 1339 588 1394 successio
614 1339 742 1394 vindicari
769 1357 824 1394 non
849 1343 948 1410 possit,
980 1341 1045 1396 nihil

239 1413 306 1466 haec
322 1409 390 1464 iuris
408 1407 527 1462 definitio
545 1413 648 1462 noceat.
686 1407 777 1462 111151.
797 1407 870 1480 Sept.

272 1477 385 1538 5111515
402 1477 458 1532 AA.
476 1483 504 1532 51
521 1473 567 1530 CC.
588 1475 704 1532 Zosimo.
740 1475 769 1530 Si
790 1493 903 1546 puerum
923 1493 977 1532 non
995 1495 1044 1546 pro

239 1547 363 1604 derelicto
380 1543 509 1610 habitum,
526 1543 572 1598 scd
583 1543 616 1600 ab
625 1543 748 1600 hostibus
759 1547 924 1600 vulneratum
935 1547 1045 1616 sumpti-

238 1615 367 1680 bustris,
386 1615 456 1670 sicut
473 1615 621 1678 adseveras,
640 1613 754 1668 liberum
773 1615 926 1670 existimans
945 1615 1045 1670 curasti

239 1685 312 1752 longi
323 1681 450 1752 temporis
461 1681 679 1752 praescriptione,
697 1683 837 1750 quominus
852 1683 973 1738 11551555
989 1683 1044 1738 5155

239 1753 351 1810 offerens
369 1755 478 1820 erogata
495 1757 568 1806 recte
585 1749 709 1816 vindicet,
730 1749 836 1806 defendi
853 1767 907 1806 non
924 1759 1010 1820 potes.

574 1957 705 2020 XXXV.³

280 2059 402 2122 QUIBUS
419 2061 490 2112 NON
509 2059 692 2112 OBIOIATUR
709 2059 815 2110 LONOI
833 2059 1002 2112 TEMPORIS

513 2129 766 2180 PRAESCRIPTIO.

273 2229 286 2288 1
311 2227 379 2310 Imp.
395 2229 555 2284 Alexander
568 2231 599 2284 Α.
617 2227 896 2284 Venuleio-veterane.
927 2229 1044 2298 Tempus

237 2299 411 2368 expedinonis
430 2299 557 2352 adversus
575 2297 732 2366 petitiones,
756 2299 779 2352 si
797 2313 865 2366 quae
886 2299 1044 2366 competisse

236 2369 305 2424 iuste
330 2366 439 2438 probari
469 2373 595 2436 possunt,
621 2365 859 2434 praescriptionem
887 2381 941 2422 non
963 2367 1042 2434 parit.

237 2437 294 2492 ΡΡ.
309 2451 340 2490 rr
355 2453 417 2490 non.
434 2433 486 2488 Iut.
506 2435 616 2490 Iuliano
635 2441 662 2490 et
676 2431 800 2506 Crimine
819 2451 905 2490 conss.
935 2439 968 2500 [a.
983 2439 1041 2500 224]

270 2503 288 2562 2
307 2503 349 2558 Im
363 2521 396 2584 p.
414 2501 603 2558 Diocletianus
623 2509 651 2558 51
672 2501 861 2558 Maximianus
883 2505 939 2558 AA.
957 2503 1041 2560 Aure-

237 2573 273 2630 115
292 2521 439 2628 oscitano.
474 2571 540 2626 [lum
552 2587 601 2640 per
615 2571 765 2626 absentiam
776 2575 850 2626 tuam
864 2587 918 2640 eos,
938 2571 970 2626 115
984 2573 1041 2642 qui-

235 2643 286 2698 bus
304 2641 430 2710 quereris,
448 2641 477 2694 15
493 2655 537 2694 555
550 2641 615 2694 iuris
628 2641 669 2694 tui
680 2641 795 2698 inruisse
812 2641 950 2696 adseveras
965 2647 1042 2710 teque

236 2713 270 2766 cb
296 2707 418 2764 medendi
444 2725 536 2764 euram
563 2709 691 2762 comitatu
713 2715 806 2764 nostro
831 2709 965 2764 discedere
988 2725 1042 2764 non

236 2795 314 2848 posse
332 2779 420 2848 palam
437 2779 479 2842 sit,
497 2777 649 2848 praefectus
667 2779 802 2848 praetorio
821 2781 913 2834 nostro
932 2779 1042 2832 accitis⁴

240 2855 246 2900 1
278 2849 319 2902 1115
333 2863 399 2916 quos
416 2861 498 2900 cansa
513 2845 642 2914 contingit
656 2845 726 2900 inter
740 2863 786 2902 vos
802 2851 953 2914 cognoscet.
980 2845 1041 2902 Non

235 2915 385 2970 necessario
406 2919 496 2968 autem
518 2915 587 2984 petis
611 2929 644 2968 ex
666 2913 739 2982 longi
761 2915 889 2986 temporis
911 2913 1041 2970 diuturni·

234 2987 290 3040 tate
307 2983 543 3052 praescriptionem
561 2983 609 3036 tihi
626 2999 680 3036 non
701 2983 807 3052 opponi,
833 2983 937 3052 quando
955 2983 1042 3038 iustae

235 3053 371 3108 absentiae
386 3053 454 3106 ratio
470 3057 498 3106 et
512 3049 680 3106 necessitatis
697 3053 820 3118 publicae
836 3051 992 3120 obsequium
1007 3051 1041 3106 ab

235 3121 386 3178 huiusmodi
400 3119 563 3190 praeiudicio
578 3125 604 3174 te
620 3119 753 3190 defendat.
781 3117 837 3174 ΡΡ.
852 3119 1040 3176 5111511551.

236 3189 410 3244 Nicomediae
426 3187 552 3244 Maximo
570 3201 599 3242 JJ
614 3193 642 3242 et
657 3187 787 3258 Aquilino
806 3205 892 3244 conss.
928 3193 962 3254 [a.
982 3193 1040 3252 281]

922 325 1103 440 „miii

1699 333 1758 400 VII
1781 339 1902 402 34--31

1118 513 1151 598 ¹8'
1180 517 1281 598 111555..
1297 515 1466 598 barbatorias
1491 523 1523 578 A.
1548 521 1647 578 Menae
1668 539 1719 604 pp.
1764 521 1904 576 Sensimus

1097 585 1138 640 1115
1160 587 1223 644 55115
1247 587 1413 658 5111115511,
1440 591 1515 658 55113
1541 591 1751 662 expeditionibus
1779 591 1905 660 occupati

1097 661 1173 724 sunt,
1197 673 1229 712 55
1252 659 1433 712 tantummodo
1455 663 1587 730 tempora,
1613 675 1682 730 quae
1702 659 1839 716 11155155
1859 673 1902 712 ex-

1096 725 1231 792 peditione
1256 733 1429 802 percurrunt,
1457 727 1485 780 15
1511 731 1713 798 exceptionibus
1739 727 1903 786 declinandis

1097 793 1236 862 opitulari:
1259 793 1311 846 ilhs
1328 793 1500 862 temporibus,
1520 811 1566 862 per
1585 813 1653 866 qnae
1672 799 1739 852 citra
1756 797 1903 868 expeditio-

1096 879 1159 916 num
1178 861 1362 916 necessitatem
1379 863 1407 914 in
1425 861 1482 916 aliis
1500 863 1566 916 locis
1584 867 1625 918 vel
1643 865 1671 920 15
1689 869 1744 922 suis
1764 865 1904 922 aedibus¹⁴

1097 931 1207 1000 degunt,
1226 929 1331 984 minime
1349 943 1395 982 eos
1414 927 1448 982 511
1465 929 1652 988 uindicandum
1670 935 1722 990 hoe
1739 937 1904 1006 privilegium

1096 999 1292 1064 adiuvantibus
1326 995 1359 1052 D.
1385 995 1437 1050 lc¹⁵
1454 997 1540 1068 April.
1565 999 1902 1078 Constantinopolitano

1096 1085 1134 1124 ve.
1153 1085 1226 1124 cons.
1789 1079 1823 1138 [a.
1843 1077 1902 1138 529]

1421 1273 1579 1336 XXXVI.¹⁶

1287 1373 1460 1426 ADVERSUS
1479 1373 1708 1426 ORRDITORRM.

1130 1477 1143 1534 1
1172 1475 1241 1548 Imp.
1267 1475 1422 1530 Gordianus
1443 1473 1475 1528 A.
1501 1471 1637 1530 Veneriae.
1679 1475 1842 1532 Diuturnum
1866 1483 1901 1536 si·

1094 1545 1205 1600 lentium
1227 1543 1300 1612 longi
1321 1543 1449 1612 temporis
1472 1543 1683 1612 praescriptione
1701 1547 1902 1604 corroboratum

1095 1613 1271 1668 creditoribus
1287 1611 1385 1680 pignus
1400 1611 1618 1680 persequentibus
1633 1611 1800 1666 inefficacem
1817 1619 1901 1672 actio-

1095 1699 1155 1736 nem
1174 1681 1324 1748 constituit,
1346 1685 1533 1748 praeterquam
1556 1681 1579 1734 51
1601 1681 1734 1736 debitores
1753 1681 1793 1736 rel
1811 1685 1901 1752 quiin

1094 1751 1154 1804 iura
1181 1765 1271 1804 corum
1298 1751 1487 1804 successerunt
1511 1747 1644 1816 obligatae
1674 1753 1714 1804 rei
1739 1753 1902 1818 possessioni

1094 1819 1257 1874 incumbant.
1293 1815 1339 1870 ubi
1361 1819 1450 1870 autem
1474 1817 1599 1870 creditori
1623 1833 1641 1870 5
1658 1831 1812 1886 possessore
1830 1821 1902 1890 longi

1094 1884 1220 1956 temporis
1243 1885 1417 1954 praescriptio
1440 1885 1567 1954 obicitur,
1589 1886 1736 1954 personalis
1758 1889 1828 1942 actio
1853 1891 1899 1944 ad-

1094 1971 1187 2012 versus
1205 1953 1351 2008 debitorem
1368 1953 1442 2008 salsa
1460 1953 1485 2008 ci
1502 1955 1637 2024 competit.

1130 2023 1148 2080 2
1167 2023 1209 2078 Im
1228 2041 1254 2094 p.
1268 2021 1455 2078 Diocletianus
1473 2029 1500 2078 51
1512 2021 1702 2078 Maximianus
1715 2025 1771 2080 AA.
1787 2025 1901 2082 510011

1094 2041 1249 2168 mercatio.
1285 2091 1313 2146 Si
1330 2089 1443 2144 debitori
1460 2091 1538 2146 heres
1556 2107 1609 2146 non
1628 2091 1746 2160 extitisti,
1766 2095 1812 2150 sed
1829 2095 1901 2150 insta

1094 2161 1187 2230 viginti
1212 2175 1343 2214 annorum
1368 2161 1538 2228 possessione
1565 2161 1662 2216 coliata
1687 2161 1766 2218 1515
1791 2163 1900 2220 donatio

1094 2231 1221 2284 roborata
1239 2233 1287 2296 551,
1305 2243 1391 2298 neque
1408 2227 1543 2296 personali
1559 2229 1677 2294 actione,
1700 2229 1763 2298 quia
1786 2233 1900 2288 debitori

1094 2315 1148 2354 non
1166 2297 1327 2362 successisti,
1347 2295 1482 2350 conveniri
1499 2301 1526 2350 te
1541 2297 1605 2350 iuris
1620 2299 1691 2352 ratio
1707 2301 1836 2368 permittit
1849 2317 1900 2356 nec

1094 2367 1158 2422 data
1175 2365 1280 2434 pignori
1297 2365 1407 2434 praedia
1424 2369 1487 2434 post
1503 2365 1672 2422 intervallum
1687 2365 1758 2434 longi
1773 2371 1899 2438 temporis

1079 2437 1143 2496 *tibi
1160 2433 1306 2488 auferenda
1324 2437 1398 2500 5551,
1418 2433 1524 2504 quando
1542 2435 1620 2488 etiam
1637 2437 1824 2506 praesentibus
1842 2455 1899 2492 cre-

1093 2503 1223 2560 ditoribus
1255 2503 1360 2584 decem·
1377 2519 1521 2584 annorum,
1537 2503 1774 2572 praescriptionem
1800 2509 1899 2588 opponi

1092 2589 1172 2644 posse
1197 2575 1252 2626 tam
1278 2573 1414 2640 rescrrptis
1436 2575 1536 2626 5551555
1560 2587 1639 2640 quam
1664 2573 1781 2642 priorum
1798 2575 1898 2644 princi-

1091 2657 1155 2712 pum
1173 2641 1281 2696 statutis
1298 2641 1440 2710 probatum
1460 2641 1501 2694 sit.

1404 2849 1577 2910 xxxviia

1187 2951 1233 3000 DE
1252 2947 1481 3010 QUADRIRNNII
1498 2949 1802 3004 PRAESCRIPTIONE.

1126 3035 1153 3106 1
1169 3047 1237 3120 imp.
1264 3049 1456 3106 Constantinus
1478 3047 1509 3102 A.
1538 3047 1576 3104 ad
1603 3047 1717 3118 Orfitum
1725 3049 1754 3104 ¹⁹.
1797 3049 1897 3106 Notum

1091 3125 1131 3172 est
1148 3117 1242 3172 511555
1256 3117 1437 3188 quaestionem
1450 3121 1512 3186 post
1526 3117 1728 3184 quadriennium
1743 3121 1898 3178 continuum

1091 3203 1173 3256 super
1189 3185 1266 3242 bonis
1284 3187 1441 3240 vacantibus
1460 3187 1638 3240 inchoandam
1655 3201 1709 3240 non
1727 3201 1792 3242 5555.
1823 3187 1896 3242 addi-

268 3255 382 3316 311155
395 3255 888 3310 11111551155555515511151155.
923 3257 986 3310 Non
1001 3263 1041 3310 est
1089 3259 1146 3316 tum
1164 3255 1244 3310 etiam
1261 3261 1302 3310 est
1319 3261 1345 3308 et
1362 3269 1421 3322 eos,
1445 3255 1490 3322 qui
1513 3257 1606 3310 nostra
1624 3253 1749 3322 largitate
1766 3257 1896 3322 nituntur,

234 3325 397 3396 incognitum
410 3325 438 3380 id
452 3325 588 3394 temporis,
606 3325 676 3394 quod
691 3325 719 3378 in
733 3325 835 3380 515555
850 3331 937 3380 551515
952 3331 1040 3380 15555-
1090 3324 1164 3378 55115
1178 3323 1359 3392 inquietudine
1372 3321 1610 3378 lacessendosnec
1627 3323 1668 3376 his
1686 3337 1704 3376 a
1720 3323 1786 3380 11555
1805 3331 1896 3382 555155

234 3397 343 3450 515555
360 3397 426 3460 5515,
447 3393 476 3448 in
497 3393 570 3460 longi
592 3393 718 3462 temporis
743 3393 969 3462 555555515115556
987 3409 1041 3448 555
1091 3391 1298 3448 controuersiam
1317 3391 1540 3456 commonendam,
1564 3391 1609 3460 qui
1627 3407 1733 3460 quoquo
1751 3395 1831 3448 modo
1849 3401 1897 3448 aut

234 3463 391 3532 computari.
423 3479 456 3516 ea
473 3463 543 3518 enim
560 3465 625 3516 tunc
641 3475 748 3516 currere
762 3463 864 3532 incipit,
882 3461 988 3532 quando
1006 3461 1040 3516 ad
1089 3463 1168 3516 titulo
1187 3461 1293 3516 easdem
1310 3475 1352 3514 res
1370 3459 1545 3530 posscderint.
1584 3525 1585 3528 Ἴ

233 3533 360 3586 maiorem
382 3535 497 3586 aetatem
521 3529 642 3586 dominus
665 3529 705 3584 rei
725 3533 883 3598 pervenerit.
924 3529 981 3584 ΡΡ.
1001 3545 1041 3586 111
1124 3527 1230 3600 timp.
1247 3529 1319 3586 Zeno
1333 3529 1482 3584 AAeneec
1499 3527 1591 3584 comiti
1607 3545 1699 3582 reram
1712 3531 1894 3600 priuatarum.

233 3601 270 3656 id.
289 3599 324 3656 Se
346 3607 363 3656 t.
381 3601 448 3672 qrsis
467 3607 563 3654 111151
581 3599 693 3652 rrrAA.
713 3613 813 3654 corna
926 3605 960 3664 [a.
980 3601 1038 3664 295]
1088 3599 1200 3664 05555,
1224 3599 1269 3666 qui
1292 3611 1473 3667 quascumque
1496 3613 1539 3652 res
1561 3595 1671 3652 mobiles
1688 3597 1731 3652 rel
1747 3599 1895 3656 immobiles

267 3619 753 3738 4151555115100111155155.
795 3667 824 3720 Si
845 3667 981 3736 possessio
999 3667 1038 3720 in·
1088 3685 1135 3722 seu
1160 3683 1189 3722 sc
1214 3671 1349 3720 moventes
1372 3665 1413 3718 vel
1435 3665 1464 3718 in
1486 3665 1636 3720 actionibus
1659 3669 1707 3718 aut
1728 3681 1895 3736 quocumque

234 3751 365 3792 concussa
387 3737 444 3790 sine
467 3735 648 3790 controversia
670 3735 881 3802 perseveraverit
889 3739 905 3796 ⁸,
928 3735 1038 3788 firmita-
1086 3737 1145 3790 iure
1168 3733 1327 3790 constitutas
1352 3749 1368 3786 a
1391 3733 1572 3790 sacratissimo
1596 3733 1700 3788 aerario
1724 3749 1894 3804 comparave-

233 3809 285 3862 tem
303 3823 378 3862 suam
395 3809 486 3860 teneat
503 3803 609 3860 obiecta
626 3805 818 3872 praescriptio:
843 3819 923 3874 quam
945 3809 1038 3858 contra
1086 3805 1151 3872 rint,
1174 3819 1220 3858 eos
1239 3803 1413 3872 quinetiam,
1433 3803 1529 3870 quihus
1547 3803 1761 3872 quaecumque²⁰
1777 3821 1821 3858 res
1838 3821 1893 3858 mo·

233 3877 356 3930 absentes
373 3873 416 3928 vel
436 3873 476 3928 rei
497 3873 620 3944 publicae
639 3887 722 3926 causa
738 3873 780 3926 vel
797 3871 909 3926 maxime
926 3871 1038 3928 fortuito
1087 3873 1152 3928 biles
1172 3887 1218 3926 seu
1236 3871 1383 3938 immobiles
1402 3887 1450 3924 seu
1469 3877 1649 3924 semoventes
1672 3871 1764 3926 autin
1782 3871 1894 3928 actioni-

233 3959 298 3998 casu
324 3957 491 4022 nequaquam
517 3941 606 3994 valere
633 3937 807 3994 decernimus.
851 3937 908 3994 ΡΡ.
932 3953 988 3994 1111
1012 3937 1037 3994 it.
1086 3943 1137 3994 bus
1164 3941 1205 3994 vel
1230 3955 1397 4008 quocumque
1423 3937 1481 3994 iure
1508 3939 1671 4018 constitutae
1698 3939 1895 3994 munificentiae

231 4009 313 4066 Mart.
334 4009 538 4066 Hannibaiieno
557 4015 585 4064 et
597 4009 790 4080 Asclepiodoto
809 4025 895 4064 conss.
924 4013 960 4074 [5.
979 4011 1038 4072 292]
1086 4009 1241 4078 principalis
1266 4009 1371 4062 nomine
1397 4007 1476 4060 datae
1502 4007 1613 4064 1555151.
1641 4009 1764 4060 omuibus
1793 4009 1895 4076 pariter

265 4079 380 4138 bidem
396 4079 453 4134 AA.
471 4085 498 4134 51
517 4075 563 4134 00.
584 4075 723 4132 Ianuario.
764 4077 858 4146 Neque
882 4075 968 4130 mutui
992 4093 1038 4130 ne·
1086 4077 1242 4146 privilegiis,
1266 4091 1335 4144 quae
1358 4091 1390 4128 ex
1414 4075 1506 4128 divinis
1525 4073 1709 4142 sanctionibus
1726 4075 1893 4130 1551115555-

232 4163 283 4216 que
302 4147 462 4204 commodati
478 4153 526 4202 551
544 4145 657 4216 depositi
678 4159 726 4200 scu
747 4147 828 4214 legati
845 4147 886 4200 vel
903 4145 1036 4198 fideicom-
1087 4145 1248 4200 cordationis
1271 4143 1370 4198 Leonis
1394 4147 1424 4196 51
1445 4147 1554 4196 nostrae
1576 4141 1683 4210 pictatis
1709 4157 1790 4210 snper
1812 4145 1892 4198 certis

231 4217 367 4272 missiset
389 4217 489 4270 tutelae
513 4231 560 4270 seu
583 4215 628 4268 alii
650 4213 760 4268 cuilibet
782 4215 917 4284 personali
939 4213 1038 4268 actioni
1086 4213 1251 4282 patrimoniis
1269 4219 1348 4266 antea
1366 4215 1497 4290 emptores
1516 4211 1653 4288 consecuti
1670 4213 1740 4278 sunt,
1765 4213 1895 4294 perpotiri

232 4283 1037 4354 155515515115515555555555511551555551515515
1088 4285 1115 4336 et
1139 4281 1178 4336 115
1204 4283 1315 4336 5555155
1342 4277 1494 4358 huiusmodi
1520 4279 1656 4358 benedictis
1679 4293 1728 4332 seu
1750 4281 1893 4348 privnlegiis

232 4361 287 4418 551.
317 4353 345 4408 S.
383 4353 486 4408 ‚Febn
504 4353 561 4408 Aa
579 4369 664 4406 censs
925 4357 958 4416 [a.
978 4355 1036 4414 293]
1087 4349 1199 4420 pertrui,
1224 4353 1358 4416 tamquam
1382 4363 1405 4406 sr
1428 4363 1508 4414 super
1531 4345 1640 4414 singulrs
1664 4347 1822 4404 substantiis
1845 4365 1894 4404 seu

266 4419 460 4480 6151515151.
484 4429 513 4476 51
536 4419 581 4476 CO
600 4419 695 4474 115155.
734 4421 778 4476 Ab
800 4423 922 4478 hostibus
942 4425 1037 4488 captus
1086 4415 1251 4494 patrimoniis
1269 4417 1350 4494 etiam
1367 4413 1892 4486 555555155515515151515551115155-

231 4505 263 4546 ac
284 4489 446 4560 postlimtnio
467 4505 591 4546 reversus
615 4489 720 4544 actione
744 4489 851 4546 iurem
875 4489 975 4544 directa
996 4485 1037 4540 rel
1086 4485 1158 4540 modi
1184 4483 1335 4550 drsposrtio:
1362 4499 1413 4538 nec
1435 4499 1515 4552 posse
1539 4487 1632 4538 contra
1659 4489 1791 4552 emptores
1815 4501 1892 4554 prae·

230 4555 921 4628 5551151515155155551511555115115555515
945 4555 1035 4612 adrer-
1087 4555 1218 4608 dictarum
1240 4567 1328 4606 555515
1352 4551 1439 4606 factos
1461 4551 1515 4606 iam
1532 4553 1572 4606 vel
1589 4551 1708 4618 futuros,
1732 4555 1776 4608 vel
1799 4561 1891 4610 contra

230 4627 294 4682 sarii
311 4627 507 4696 possessionem
524 4627 626 4680 frustra
644 4627 733 4692 times,
760 4643 819 4682 cum
837 4627 963 4682 adversus
981 4639 1035 4688 eos,
1088 4637 1145 4688 eos,
1170 4619 1266 4690 quibus
1291 4633 1379 4688 super,
1394 4621 1546 4676 huiusmodi
1569 4621 1650 4676 rebus
1673 4619 1782 4690 largitas
1799 4627 1892 4678 555155

230 4697 276 4762 qui
293 4695 467 4752 restitutionis
485 4695 583 4750 auxilio
602 4709 769 4762 quacumque
786 4697 890 4750 ratione
902 4695 1035 4758 iuvantur,
1087 4689 1174 4744 delata
1191 4693 1233 4744 est
1249 4689 1290 4744 rel
1307 4687 1397 4756 fuerit,
1416 4689 1518 4758 aliquas
1534 4689 1653 4744 actiones
1670 4687 1698 4742 15
1713 4705 1769 4744 rem
1785 4689 1892 4746 dominii

230 4763 381 4818 huiusmodi
405 4763 507 4816 iactum
533 4779 588 4818 non
618 4763 773 4832 opituletur.
820 4779 849 4818 ur
857 4765 878 4796 ¹⁰
902 4761 939 4816 id.
966 4759 1035 4816 Noa
1086 4758 1128 4812 vel
1148 4757 1319 4828 hypothecae
1334 4757 1423 4826 gratia
1442 4759 1484 4812 vel
1506 4759 1534 4810 in
1557 4773 1713 4832 personam,
1738 4759 1827 4814 civiles
1844 4777 1892 4814 seu

230 4831 445 4888 Heracleotae.
465 4847 550 4886 conss,
843 4889 844 4892 Ἴ
923 4837 957 4894 [a.
977 4831 1035 4892 294]
1086 4827 1242 4894 praetorias,
1264 4825 1304 4880 rel
1322 4841 1354 4880 ex
1371 4825 1475 4894 legibus
1493 4831 1541 4880 aut
1558 4825 1743 4882 sacratissimis
1763 4827 1892 4882 constitu-

265 4897 586 4958 lineamenta
617 4897 779 4954 Cassandro.
823 4897 1037 4966 Praescriptione
1085 4895 1203 4949 tionibus
1221 4895 1411 4950 descendentes
1427 4895 1468 4948 rel
1483 4893 1616 4962 quaslibet
1633 4893 1710 4960 51155,
1727 4893 1790 4950 11551
1806 4895 1891 4950 nomi-

229 4967 300 5022 bona
320 4965 376 5020 fide
394 4969 559 5036 possidentes
578 4967 704 5022 adversus
721 4975 889 5036 praesentem
905 4979 1035 5020 annorum
1085 4963 1169 5018 natim
1191 4963 1326 5032 praesenti
1352 4963 1489 5016 sanctione
1515 4979 1568 5016 1155
1597 4963 1651 5016 5151
1677 4963 1890 5032 comprehensae,

229 5035 333 5100 decem,
363 5035 500 5090 absentem
526 5041 614 5090 autem
641 5035 731 5104 viginti
756 5037 919 5092 muniuntur.
964 5031 1035 5102 qaod
1085 5033 1196 5086 moveri:
1221 5031 1284 5086 data
1301 5031 1450 5086 solentibus
1471 5029 1578 5084 11555115
1601 5031 1672 5086 15155
1690 5031 1890 5098 quadriennium

228 5107 345 5186 tempus,
370 5103 393 5158 si
416 5117 449 5156 ex
471 5103 584 5158 alicuius
607 5119 723 5174 persona
746 5105 780 5158 de
797 5105 942 5174 petitorum
959 5107 1035 5170 parte
1086 5105 1180 5154 contra
1197 5101 1405 5154 sacratissimum
1421 5099 1566 5164 aerarium,
1591 5099 1614 5152 si
1631 5113 1698 5166 quas
1717 5099 1768 5154 sibi
1786 5113 1891 5168 compe·

228 5171 406 5228 restitutionis
421 5173 611 5238 praetendatur
626 5173 762 5236 auxilium,
782 5173 896 5228 deducto
914 5187 954 5238 eo,
973 5185 1033 5240 quc,
1085 5173 1140 5222 tere
1167 5169 1285 5224 actiones
1311 5169 1479 5236 existimant,
1508 5181 1643 5232 exercere,
1669 5167 1834 5230 11515555,
1861 5169 1892 5220 ut

228 5241 252 5296 51
269 5241 333 5310 quid
349 5239 432 5294 tuerit
447 5245 559 5306 gestum,
578 5241 698 5294 succurri
716 5241 793 5308 solet,
812 5241 947 5296 residuum
962 5253 1033 5294 com·
1083 5241 1147 5358 post
1160 5235 1280 5302 elapsum
1295 5237 1497 5304 quadriennium
1511 5251 1561 5290 nee
1575 5235 1782 5290 sacratissimum
1796 5235 1892 5288 fiscum

228 5309 319 5376 putari
335 5305 445 5362 rationis
464 5311 511 5360 est.
1095 5305 1164 5358 ’5555
1181 5303 1285 5358 sibimet
1306 5305 1467 5374 quibuslibet
1484 5303 1635 5358 actionibus
1654 5305 1762 5374 pulsare
1780 5317 1890 5370 eognos-

227 5479 441 5544 (1)11150,5515
458 5475 498 5526 his
519 5473 549 5540 P,
573 5475 601 5526 111
622 5477 649 5528 R
732 5481 767 5546 (2)
784 5483 820 5532 sic
837 5481 890 5542 PC,
908 5483 990 5546 empto
1007 5479 1032 5530 R
1082 5497 1126 5528 om.
1145 5475 1161 5526 1.
1178 5493 1238 5542 pem.
1316 5479 1361 5542 (13)
1379 5477 1407 5526 15
1430 5479 1475 5530 ins.
1496 5477 1510 5528 1.
1529 5495 1587 5544 pem.
1665 5473 1710 5536 (11)
1733 5473 1832 5524 sedibus
1856 5475 1890 5524 (yn

227 5549 261 5614 (3)
278 5551 305 5604 Β
322 5553 362 5614 511,
380 5561 405 5602 12
464 5545 497 5608 (1)
515 5545 549 5594 sie
566 5543 635 5608 ACi,
658 5549 784 5600 5555551115
801 5547 885 5602 PG¹²R
945 5549 978 5614 (5)
997 5551 1032 5598 est
1083 5555 1167 5596 555155
1178 5545 1261 5608 19515.
1303 5545 1550 5610 (151515511155.
1592 5543 1766 5608 (1511151111
1807 5543 1890 5606 (11151

228 5619 305 5670 omA
356 5619 390 5684 (5)
406 5617 435 5668 in
450 5615 468 5664 l.
482 5617 500 5662 t.
518 5613 711 5676 praescriptione
726 5619 750 5666 A
768 5637 820 5668 cnm
836 5617 870 5680 Β,
887 5617 905 5670 1,
924 5619 942 5668 1.
960 5635 1032 5682 prae·
1082 5611 1167 5672 ceR,
1187 5613 1248 5660 911·
1268 5613 1297 5678 S,
1315 5615 1395 5668 5550
1460 5611 1651 5680 [15155515
1721 5611 1766 5672 (rs)
1782 5623 1825 5674 pu.
1843 5611 1887 5662 cd·

227 5687 360 5752 eriptam
377 5683 449 5750 (—ni
466 5681 511 5744 11)
530 5679 625 5730 PLGR
683 5683 827 5746 (1151011.
846 5687 892 5736 dei.
945 5687 979 5750 (8)
997 5687 1032 5736 sic
1082 5683 1141 5732 dunt
1158 5679 1228 5728 dett:
1250 5683 1341 5746 Opiter
1357 5701 1399 5748 pu.
1418 5685 1461 5732 sub
1478 5679 1617 5732 Constantio
1636 5687 1786 5728 15355119
1805 5697 1887 5730 ocour·

227 5751 282 5818 AO,
299 5751 463 5820 perseveravit
478 5749 525 5800 PR
571 5749 604 5810 (9)
618 5745 690 5812 longi
704 5751 748 5800 ins.
764 5755 788 5802 A
803 5773 854 5804 cum
869 5755 896 5804 B
941 5755 1031 5818 (lo)v1
1081 5751 1121 5812 rit,
1138 5765 1177 5798 res
1196 5755 1272 5800 tamen
1291 5769 1340 5816 que
1355 5751 1384 5800 cie
1400 5753 1482 5816 rapitur
1498 5767 1545 5800 non
1556 5747 1663 5812 pertinet
1676 5747 1712 5794 ad
1725 5749 1833 5810 officium
1842 5767 1886 5814 pu.

229 5821 367 5886 Mommsen,
385 5823 441 5872 uA
510 5817 552 5882 (11)
572 5817 642 5884 iunpe
659 5819 683 5878 6,
703 5827 735 5880 21,
754 5831 776 5870 11
845 5821 891 5884 (11)
908 5819 1030 5870 militibus
1082 5815 1131 5882 (59)
1150 5813 1240 5878 quibus
1259 5819 1482 5882 5555555555111
1497 5833 1548 5866 eam
1563 5811 1812 5878 aquitaniamque
1831 5813 1887 5868 cni
