4258 6266
239 367 280 432 VI
302 369 383 432 4-6
1044 355 1106 428 rto
1199 443 1209 468 4
1468 381 1497 430 sr
1520 381 1554 428 ns
1576 379 1735 452 urrunnu
1755 377 1900 426 saraam

915 461 951 470 ιιι-ι·-

239 549 453 624 φιλανθρωπίαν
476 543 506 602 di
529 539 601 606 datos
624 543 765 616 καλοῦμεν,
788 549 832 598 καὶ
854 545 970 616 μάλιστα
988 553 1046 606 ἐπεὶ

238 617 311 692 παρὰ
333 613 440 672 πάντα1
461 613 511 670 τὸν
533 611 662 690 ἡμέτερον
687 609 772 680 νόμον
795 613 863 686 πρὸς
887 615 938 682 τὴν
964 615 1046 690 φύσιν
1463 653 1503 712 Ἦ
1517 655 1535 684 n

238 693 268 742 'lb
294 681 456 758 ἡρμόσαμεν.
485 681 636 750 Σώζεσθαλ
647 703 678 756 ye
692 681 746 752 μὴν
759 687 804 736 nai
820 685 862 750 τῷ
875 683 924 738 τὸν
935 685 1044 750 iacieti-
1506 699 1512 712 “

239 757 315 808 σιν2
337 751 353 822 ἢ
374 747 711 840 sinisteritatum
729 755 773 804 rei
795 753 892 832 reiron
910 751 926 820 i
943 753 1046 824 ταύτην
1153 771 1199 822 oa
1218 771 1395 830 ossnaons
1413 771 1579 822 carnonis
1597 773 1836 824 rnnasrrnms.

236 819 333 890 ἠλευθε
352 843 433 876 maort
450 841 482 874 το
500 839 674 894 πατρωνιαον
692 817 809 882 δίκαιον,
833 839 900 894 οπερ
917 825 962 874 nai
980 821 1044 900 πρό-

238 891 309 944 σθεν
321 843 397 958 eipso,
415 891 590 960 dicationem
610 885 690 950 ὅπως,
709 889 733 942 ei
746 883 890 942 ἀδιάθετος
905 895 949 942 καὶ
964 891 1044 948 ἅπαις
1130 889 1143 948 1
1169 885 1268 960 ¹¹·lnp.
1282 889 1441 944 Alexander
1454 889 1486 944 Α,
1504 887 1605 942 Zetieo.
1643 889 1743 946 Contra
1760 897 1901 960 patronum

236 955 465 1032 ὁέλευθερωθεὶε
478 953 659 1026 τελευτήσειεν
677 955 693 1020 ἢ
710 953 816 1028 γράψας
830 957 972 1020 sensimus
986 959 1044 1028 κλη-
1095 963 1169 1014 ioum
1186 957 1315 1012 famosam
1333 957 1467 1012 actionem
1484 955 1624 1010 instituere
1646 975 1701 1012 nou
1723 967 1809 1028 potes.
1845 957 1899 1014 ΡΡ.

237 1023 370 1100 postpone,
394 1023 410 1092 ἢ
432 1027 468 1080 εἰς
490 1025 521 1080 τὸ
546 1029 602 1084 πᾶν
620 1025 649 1086 ἐξ
672 1021 820 1078 discretos
839 1023 855 1092 ι)
872 1025 938 1098 πρὸς
955 1027 986 1082 τὸ
1003 1051 1044 1082 τε·
1068 1037 1069 1046 ’
1093 1027 1164 1098 prid.
1182 1025 1218 1080 id.
1234 1023 1299 1080 Mai.
1319 1023 1445 1082 Monimo
1463 1041 1492 1078 rr
1508 1025 1658 1080 eracliano
1676 1045 1761 1082 corus.
1791 1033 1825 1094 [a.
1843 1031 1900 1092 223]

236 1093 394 1170 τραολγιιιον
406 1093 474 1148 κατὰ
486 1097 531 1164 τῆς
547 1089 708 1160 διαθήκηεὸ
725 1089 911 1164 ἐλευθερώσας
923 1093 1044 1164 κληθείη,
1128 1093 1240 1152 2idem
1258 1095 1288 1148 Α.
1308 1093 1497 1164 aecrttopcno.
1527 1093 1661 1160 Libertas,
1680 1113 1748 1164 quae
1765 1097 1902 1152 voluntate

236 1161 336 1218 ὠσανιι
353 1161 478 1232 δοκούσης
494 1167 632 1220 contracta
645 1161 744 1216 fidncia
761 1165 807 1230 τῆς
822 1165 1043 1234 emancipationis
1094 1161 1199 1230 petroni
1211 1161 1284 1214 aut¹⁹
1296 1161 1356 1218 iure
1367 1165 1470 1230 nuptae
1484 1161 1556 1226 sutri,
1571 1175 1625 1214 oon
1638 1167 1771 1230 coguntur
1784 1163 1904 1218 officium

237 1237 269 1286 m
302 1233 474 1306 γενενῆσθαι.
514 1233 603 1284 Ταῦτα
618 1233 712 1300 μέντοι
730 1237 838 1302 κρατεῖν
857 1235 902 1284 ἐπὶ
919 1235 978 1286 τῶν
993 1233 1045 1302 τὴν
1094 1231 1215 1298 patronis
1225 1231 1279 1284 suis
1289 1233 1435 1300 praestare.
1459 1227 1866 1300 connerinensem
1877 1241 1902 1280 rr

238 1299 394 1374 ἐλευθερίαν
412 1303 569 1356 ἑνωθέντων
581 1299 758 1368 decuriones,
777 1295 821 1352 eie
839 1297 870 1368 δι)
888 1305 933 1354 καὶ
947 1297 1044 1370 μόνους
1094 1307 1121 1352 ct
1137 1299 1251 1354 Aeliano
1270 1315 1357 1354 coust.
1789 1303 1822 1362 [a.
1843 1299 1900 1358 223]

236 1369 355 1442 χρῆσθαι
389 1371 423 1444 τῇ
454 1371 501 1422 τοῦ
529 1365 671 1438 πάτρωνος
696 1375 864 1440 προσηγορίᾳ
896 1371 1044 1442 συγχωροῦ·
1129 1363 1146 1424 3
1172 1367 1247 1422 Idem
1268 1369 1299 1422 Α.
1324 1365 1443 1422 Xaatlte.
1484 1363 1573 1418 Etiam
1595 1365 1641 1434 qui
1664 1365 1819 1434 pactione¹³
1840 1365 1902 1418 daia

236 1457 294 1506 μιν.
329 1437 389 1494 τοὺς
411 1437 462 1512 γὰρ
486 1433 518 1502 δὴ
536 1431 604 1488 κατά
623 1455 687 1488 τινα
704 1441 847 1506 aspiratae
863 1439 1044 1506 νομισθέντας
1094 1435 1141 1488 a¹t
1167 1433 1278 1488 dominis
1305 1435 1543 1496 manumittuntur,
1571 1449 1642 1488 mero
1666 1433 1724 1488 iure
1751 1449 1827 1488 omne
1854 1433 1900 1486 ob-

236 1509 266 1560 ἐν
282 1511 337 1560 τοῖς
353 1505 475 1562 παλαιοῖς
493 1503 608 1572 βιβλίοις
631 1499 776 1576 πάτρωνας
799 1505 882 1570 εἶναι,
907 1511 993 1560 καίτοι
1013 1527 1044 1590 qe
1094 1503 1215 1576 sequium
1236 1505 1357 1572 patronis
1379 1503 1485 1562 debent.
1526 1501 1581 1554 ΡΡ.
1601 1501 1627 1556 λ.
1647 1501 1713 1556 Νου.
1733 1501 1857 1558 Monimo
1876 1515 1902 1554 rr

236 1569 282 1628 oie
304 1569 554 1646 ἐλευθερώσαντας,
580 1569 675 1626 ὁποῖον
698 1569 731 1638 δι)
752 1567 802 1626 τὸν
826 1571 972 1646 ἐλέγξαντα
994 1595 1044 1642 την
1094 1577 1121 1626 et
1136 1573 1251 1626 Aeliano
1270 1589 1356 1626 conss.
1789 1575 1822 1636 [a.
1843 1575 1900 1632 223]

237 1649 419 1716 συμπαιγνίαν
446 1641 494 1692 τοῦ
518 1635 708 1712 ἀπελευθέρου,
734 1637 786 1694 τὸν
811 1637 858 1694 oia
884 1641 951 1696 ὄντα
977 1641 1044 1712 μετά
1129 1637 1242 1696 ildem
1259 1641 1290 1696 Α.
1316 1639 1464 1696 Victorino.
1502 1639 1529 1694 Si
1550 1637 1736 1692 manumissos
1758 1641 1835 1694 tuo¹⁵
1850 1639 1902 1692 nur

235 1713 281 1764 σε’
304 1709 432 1778 ἀληθείας
455 1705 601 1782 πάτρωνα,
629 1707 659 1770 ἐξ
678 1707 718 1762 cin
745 1707 775 1762 ii
800 1707 906 1778 ὤμοσεν
930 1709 1044 1782 ψευδῶς,
1094 1717 1120 1764 et
1147 1707 1287 1764 audacium
1316 1709 1437 1764 obiecisti
1461 1707 1498 1772 ei,
1527 1707 1571 1776 qui
1593 1711 1620 1762 te
1643 1707 1772 1762 beneficio
1796 1725 1845 1762 suo
1870 1721 1902 1760 ex

236 1775 403 1854 πειρώμενον
434 1777 522 1844 ἑαυτῷ
553 1797 713 1852 πατρωνικα
743 1779 917 1850 περιτιθέναι
944 1777 1043 1846 donata,
1094 1777 1221 1832 servitute
1243 1777 1396 1842 liberando,
1422 1781 1453 1832 ut
1476 1775 1656 1830 adversarium
1679 1775 1803 1844 haberet,
1829 1775 1900 1842 fecit,

235 1851 259 1902 ei
284 1849 348 1902 ιιαι4
374 1863 417 1918 τις
438 1841 507 1900 ὅλως
533 1849 621 1918 ἕτερος
647 1847 766 1900 τοιοῦτος
793 1851 822 1900 ἐν
849 1851 903 1900 τοῖς
928 1847 1044 1918 βιβλίοις
1094 1861 1201 1914 praeses
1219 1845 1385 1914 provinciae,
1409 1849 1541 1914 quatenus
1565 1859 1688 1900 coercere
1712 1843 1841 1900 eiusmodi
1861 1847 1900 1898 te·

236 1919 318 1980 ἐστίν,
341 1917 438 1970 τοῦτον
455 1911 595 1970 παντελῶς
612 1911 714 1970 παντὸς
734 1911 842 1986 κέρδους
860 1919 888 1968 ἐκ
906 1935 1041 1988 naupact-
1097 1921 1107 1968 t
1143 1915 1283 1968 mesariam
1306 1913 1443 1968 licentiam
1466 1913 1574 1980 debeat,
1598 1913 1757 1968 aestimabit.
1793 1913 1861 1968 Nam
1879 1911 1901 1966 si

235 1985 282 2038 κοῦ
296 1981 400 2038 δικαίου
414 1983 572 2054 papigense,
589 1979 695 2052 priona5
713 1979 787 2050 αὐτῷ
803 1983 855 2050 τὴν
869 1985 1042 2058 ῥεβςρεντιάν
1094 1999 1146 2052 qua
1163 1983 1212 2038 tibi
1229 1983 1344 2052 pecunia
1361 1983 1538 2038 debebatur16
1556 1983 1611 2036 sive
1628 1983 1754 2036 derebus
1773 1983 1900 2036 adversus

236 2049 423 2124 φνλάττεσθαι
446 2049 520 2124 παρὰ
548 2053 608 2106 τῶν
629 2047 762 2104 τοιούτων
786 2049 873 2118 δῆθεν
897 2051 1042 2108 ipsimet·
1093 2057 1236 2122 patronum
1260 2051 1419 2120 disceptatio
1441 2051 1545 2118 iuerat,
1568 2067 1623 2104 non
1645 2049 1769 2120 protinus
1793 2051 1827 2104 ad
1847 2049 1902 2104 liti-

236 2141 294 2194 ρων
315 2121 525 2242 σιῖχωροῧντες,
548 2119 754 2198 tetransiton
776 2117 873 2180 ιιὸνους
899 2119 1044 2196 πάτρωνας
1093 2121 1209 2242 qaudam
1236 2135 1343 2174 currere
1370 2119 1515 2174 debueras:
1546 2119 1660 2174 maxime
1686 2123 1775 2172 autem
1802 2121 1825 2172 si
1850 2121 1902 2174 hoc

236 2193 294 2244 ταῖς
319 2185 459 2256 ἀηθείας
485 2193 633 2258 κρίνοντες,
660 2181 719 2240 ὅσοι
745 2195 803 2242 ταῖς
828 2185 969 2256 ἀληθείαις
992 2189 1044 2258 τὴν
1105 2205 1182 2244 acere
1199 2187 1320 2256 auderes,
1340 2187 1398 2244 sine
1415 2187 1557 2242 atrocitate
1573 2187 1795 2242 certaverborum
1811 2187 1900 2255 aequi-

237 2263 267 2310 27
303 2255 461 2332 ἐλευθερίαν
479 2257 660 2310 ἐπιτιθέασιν.
700 2253 736 2308 Τὰ
760 2255 828 2312 αὐτὰ
847 2255 876 2310 δὲ
893 2255 984 2312 δίκαια
1002 2257 1042 2312 dt·
1092 2261 1175 2312 tatem
1200 2257 1336 2326 petitionis
1362 2261 1425 2310 tuae
1452 2255 1637 2310 commendare
1667 2255 1749 2310 iudici
1800 2255 1901 2318 curisti,

236 2323 318 2394 δομεν
335 2331 380 2378 καὶ
401 2331 456 2380 τοῖς
478 2325 616 2378 κατιοῦσιν
634 2327 678 2376 nai
701 2325 736 2392 τῇ
754 2325 834 2394 usai
852 2325 968 2398 papilla
985 2331 1043 2382 τῶν
1094 2327 1164 2382 omui
1187 2325 1289 2380 honore
1312 2331 1427 2394 petrono
1450 2323 1540 2380 debito
1563 2329 1707 2380 reservato.
1748 2325 1775 2378 P
1800 2367 1805 2378 .
1823 2323 1900 2398 prid.

235 2399 266 2448 te
292 2391 435 2460 διαθήκαις
461 2389 477 2460 ἢ
503 2391 668 2448 colmaniaco
693 2379 762 2448 iias
788 2383 947 2464 βουλήσεσιν
973 2395 1041 2450 tiso·
1093 2395 1117 2448 λ.
1139 2391 1195 2450 Oet.
1215 2393 1325 2450 Iuliane
1343 2399 1371 2448 et
1389 2391 1515 2466 Crispino
1534 2409 1621 2448 conss.
1788 2399 1822 2458 [a.
1841 2397 1900 2458 224]

235 2457 423 2532 nepesinae
448 2459 523 2516 τινὰς
548 2459 618 2514 κατὰ
634 2463 693 2514 τῶν
722 2461 895 2534 καλουμένων
925 2461 1043 2538 ὂριιίνων
1126 2461 1143 2520 5
1170 2463 1239 2534 Imp.
1268 2461 1427 2516 Gordianus
1448 2461 1479 2518 A.
1505 2459 1650 2532 Sulpiciae.
1694 2461 1784 2514 Etiam
1810 2461 1901 2516 uberis

235 2529 435 2604 duodecimae,
455 2525 555 2584 dcccci
572 2523 639 2604 παρ’
660 2525 753 2586 αὐτῶν
770 2527 877 2586 τούτων
896 2531 1041 2608 ἑλενθερω-
1093 2535 1278 2588 damuatorum
1306 2535 1462 2586 consuetum
1489 2529 1646 2598 obsequium
1674 2529 1785 2586 libertos
1811 2535 1901 2600 pater-

236 2605 333 2670 μένον.
373 2599 428 2654 ΡΡ.
452 2597 478 2652 λ.
497 2597 561 2652 Dee.
581 2597 819 2674 Constantinopoli
832 2607 901 2674 post
917 2603 1042 2658 consala-
1092 2617 1140 2658 nos
1157 2605 1296 2670 praestare
1316 2597 1412 2656 debere
1428 2601 1458 2654 in
1475 2599 1585 2654 dubium
1603 2615 1657 2654 non
1674 2601 1753 2652 venit.
1790 2599 1901 2668 proinde

236 2673 290 2724 tum
307 2667 451 2740 lampadii
468 2673 495 2724 et
514 2665 616 2724 Orestis
633 2685 672 2724 ao.
692 2685 729 2722 cc.
929 2675 963 2736 [a.
983 2675 1041 2736 531]
1092 2673 1115 2726 si
1139 2685 1194 2724 non
1220 2673 1369 2736 agnoscunt
1395 2667 1561 2724 reverentiae
1587 2667 1692 2722 debitae
1714 2685 1824 2734 munus,
1847 2683 1901 2722 non

1091 2737 1221 2792 immerito
1245 2737 1371 2792 adeatur
1394 2735 1445 2806 ipsi
1456 2737 1476 2770 ¹⁷
1501 2735 1628 2790 adversus
1649 2751 1678 2790 se
1695 2751 1841 2806 provocare
1859 2751 1899 2790 se-

1091 2807 1238 2862 veritatem.
1281 2803 1338 2860 ΡΡ.
1362 2821 1403 2860 ru
1431 2821 1494 2860 non.
1518 2801 1592 2874 Sept.
1622 2803 1724 2860 Sabine
1748 2819 1777 2858 rr
1800 2811 1827 2860 et
1853 2805 1901 2858 Ve-

1091 2883 1171 2930 nusto
1190 2891 1277 2928 conss.
1787 2877 1821 2938 [a.
1841 2877 1899 2934 240]

611 2979 659 3036 V⁶
1127 2941 1240 3002 bidem
1249 2941 1279 2996 Α.
1292 2941 1425 2998 Cornelio.
1452 2939 1773 3006 Libertossirelibertas‚
1787 2941 1902 2994 maxinm

638 3023 645 3038 ·
1092 3013 1188 3082 quibus
1206 3009 1345 3080 impositae
1364 3025 1461 3080 operae
1479 3025 1534 3064 uon
1550 3013 1620 3074 suut,
1640 3013 1797 3066 consuetum
1811 3009 1900 3078 potius

235 3099 266 3148 st
288 3099 326 3148 IN
348 3095 515 3150 autunum
537 3095 703 3146 ΡΑΤΒΟΝΙ7
725 3099 912 3152 ALIENATIO
931 3101 1041 3152 pqqqq
1093 3081 1248 3148 obsequium
1268 3095 1346 3148 quam
1364 3079 1461 3134 servile
1475 3075 1650 3132 ministerium
1664 3079 1900 3134 manumissoribus

522 3155 529 3162 ·“
606 3165 677 3216 EST,
1092 3149 1217 3204 exhibere
1243 3147 1340 3202 debers
1365 3147 1483 3216 neque¹³
1509 3147 1615 3200 vincola
1645 3147 1750 3216 perpeti
1779 3163 1834 3202 non
1860 3149 1901 3202 est

1093 3217 1226 3272 oinionis
1251 3217 1379 3270 maenae.
1429 3213 1486 3270 ΡΡ.
1514 3229 1556 3268 ιιι
1584 3213 1611 3268 a.
1636 3217 1724 3288 April.
1751 3215 1842 3270 Attico
1874 3219 1901 3270 et

269 3279 284 3340 i
306 3279 395 3354 impp.
414 3281 602 3340 Diocletianus
624 3287 652 3338 ct
667 3281 856 3340 Manimianus
873 3285 929 3342 ΑΑ.
948 3293 975 3342 et
993 3285 1040 3342 00.
1116 3291 1273 3342 raeteatato
1292 3301 1379 3338 conss.
1787 3289 1821 3348 [a.
1841 3287 1899 3348 242]

237 3349 357 3408 Claudio.
384 3351 414 3406 si
430 3351 458 3406 iu
475 3351 596 3406 fraudem
611 3351 718 3420 patroni
732 3351 846 3408 libertus
861 3353 962 3422 aliquid
977 3357 1041 3410 alie·
1126 3351 1143 3410 7
1163 3351 1251 3476 lmqq.
1269 3351 1459 3408 Diocletianae
1476 3357 1503 3406 et
1516 3349 1706 3408 Maximianus
1722 3351 1779 3406 ΑΛ.
1797 3351 1900 3408 Metro-

235 3419 353 3486 narerit,
377 3425 508 3486 quatenus
525 3419 643 3488 legitima
660 3435 723 3486 pars
743 3421 879 3476 deminuta
899 3427 946 3490 est,
965 3441 1041 3480 roro·
1091 3421 1168 3476 doro.
1237 3435 1304 3488 sque
1325 3421 1428 3478 libertis
1452 3435 1584 3474 novercae
1610 3419 1765 3474 inferendae
1788 3421 1900 3476 iniuriae

236 3487 314 3544 candi
335 3489 462 3542 tributam
486 3489 610 3544 convenit
633 3501 691 3542 esse
717 3495 885 3558 potestatem.
922 3489 950 3546 S.
968 3495 1041 3546 εισιε
1091 3489 1215 3560 privignis
1242 3489 1299 3544 sius
1324 3489 1410 3544 libera
1430 3489 1547 3544 facultas
1571 3503 1629 3542 esse
1653 3489 1745 3544 debet:
1772 3493 1899 3558 paternos

235 3555 260 3612 lt.
279 3555 347 3612 Noa.
366 3555 450 3610 Sirmi
469 3555 530 3614 00⁹
547 3573 633 3612 conss.
926 3565 960 3626 [a.
980 3565 1038 3626 294]
1091 3561 1170 3614 etiam
1195 3559 1320 3624 libertos,
1348 3557 1428 3614 sicuti
1454 3557 1533 3624 dicis,
1565 3555 1707 3612 iniuriosos
1738 3555 1788 3612 titt
1815 3559 1899 3612 fuisse

269 3621 288 3682 2
315 3621 390 3678 idem
415 3625 471 3680 AA.
498 3631 525 3682 et
553 3623 599 3680 CC.
627 3621 723 3678 rottae.
771 3625 904 3682 Defuncto
936 3627 1040 3696 quidem
1093 3633 1104 3682 1
1148 3627 1288 3682 terendum
1320 3643 1376 3682 non
1407 3629 1455 3682 est.
1504 3625 1617 3680 Praeses
1643 3625 1723 3694 igitur
1748 3627 1899 3696 provinciae

233 3693 329 3754 liberto
355 3697 485 3762 patronus
510 3693 639 3748 intestato
666 3693 813 3750 succedens
838 3699 1040 3764 peractionem
1091 3695 1237 3750 undictam
1259 3695 1310 3750 tibi
1332 3711 1508 3764 personarum
1535 3693 1684 3750 condicioni
1712 3701 1899 3762 congruentem

236 3759 412 3816 Caluisianam
427 3761 455 3816 in
470 3763 527 3816 eius
542 3763 663 3816 fraudem
678 3761 796 3816 alienata
809 3781 934 3820 revocare
943 3771 1039 3834 potest.
1090 3765 1221 3834 impertiri
1237 3779 1291 3818 non
1310 3763 1452 3820 dubitabit
1489 3761 1545 3816 ΡΡ.
1569 3777 1588 3816 r
1601 3763 1635 3816 id.
1651 3761 1718 3818 Mai.
1732 3761 1857 3818 Monimo
1874 3777 1902 3818 rr

237 3837 247 3884 t
284 3831 384 3886 Verum
407 3847 468 3884 eom
488 3837 630 3900 patronum
659 3837 722 3900 post
744 3831 833 3886 liberti
858 3835 900 3888 sui
929 3837 1041 3888 mortem
1090 3839 1117 3888 et
1133 3831 1263 3904 Aquilino
1282 3849 1369 3888 conss.
1786 3837 1820 3898 [a.
1840 3835 1898 3896 286]

234 3899 268 3954 ab
293 3913 323 3954 eo
346 3897 452 3954 fontir
476 3901 599 3954 collatam
622 3897 792 3954 donatiouem
809 3903 936 3958 habuisse
953 3909 1040 3958 ratam
1125 3897 1323 3960 itidemne.
1347 3901 1483 3956 Hermiae.
1524 3899 1581 3954 Nec
1605 3903 1736 3968 patronae
1761 3903 1825 3954 tuac
1851 3901 1899 3954 ob-

234 3967 387 4032 adseveras‚
410 3969 610 4022 manumissoris
628 3967 730 4022 factum
747 3969 884 4026 infirmare
901 3987 1039 4038 successo·
1091 3969 1188 4038 sequiis
1207 3969 1338 4038 refragari
1355 3975 1383 4024 te
1400 3969 1443 4026 ias
1461 3975 1510 4024 est.
1547 3967 1603 4020 ΡΡ.
1623 3981 1672 4020 rrr
1689 3967 1716 4024 Ιι.
1735 3969 1814 4024 Febr.
1832 3967 1899 4024 Dio-

234 4035 359 4160 ‘ditem
385 4035 490 4092 minime
516 4041 639 4106 possunt.
683 4035 711 4092 S.
735 4051 793 4092 rra
818 4039 845 4094 lc.
869 4037 928 4094 Ian.
957 4037 1041 4094 Sirmi
1091 4039 1207 4094 eteriano
1226 4051 1269 4092 ur
1285 4043 1311 4092 et
1328 4035 1501 4092 Memmiana
1520 4037 1575 4092 ΑΑ.
1595 4053 1682 4092 cereso.
1785 4041 1820 4104 [a.
1839 4041 1898 4102 287]

276 4147 282 4158 .
314 4119 399 4158 conss.
925 4113 960 4174 [a.
980 4113 1038 4174 294]

233 4345 263 4410 (4)
290 4347 401 4416 ἐπείπερ
422 4337 533 4398 ἅπαντα
551 4347 692 4398 Zachariae
760 4347 794 4412 (2)
811 4365 843 4398 το
860 4365 918 4398 των
935 4347 1042 4410 υπεξου·
1093 4349 1135 4412 (11)
1153 4347 1230 4412 Β29,
1241 4359 1262 4412 2,
1273 4359 1297 4398 to
1315 4365 1382 4412 seqq.
1397 4373 1429 4382 -
1448 4345 1559 4414 tssDiq·
1574 4349 1615 4410 θλ,
1628 4357 1653 4398 15
1705 4347 1898 4416 (11¹)=5,5s‚1

234 4429 303 4464 σιων
318 4413 352 4464 pa
394 4415 426 4476 (3)
438 4407 488 4464 τόν
503 4431 534 4464 τε
548 4407 825 4482 οὐκὸνταμςτάςττ.,
840 4417 1038 4482 εβΒΣ28,4,21
1094 4413 1503 4480 (tr)xr11V,xrrrrHal.‚vr1P
1550 4413 1595 4480 (13)
1613 4415 1898 4482 pecuniaprcpaotione

234 4483 266 4546 (4)
284 4481 328 4532 καὶ
345 4479 370 4532 ei
386 4481 518 4534 Mommsen
620 4485 652 4548 (5)
669 4499 759 4550 aaran
776 4479 834 4548 Vii,
855 4503 891 4550 ην
916 4487 989 4538 Vvet
1007 4489 1041 4536 Va
1092 4485 1299 4550 interpolaverunt
1317 4485 1342 4536 Β
1389 4485 1433 4550 (14)
1451 4499 1467 4532 a
1483 4503 1527 4534 om.
1551 4483 1577 4534 V
1619 4485 1743 4546 (lotidem
1760 4487 1785 4536 Β
1802 4487 1897 4548 lami:

233 4551 790 4620 (5)Β49,6,44.15.-0(.1)ι’ρ.38,5
870 4555 903 4618 tt)
921 4557 957 4606 sic
982 4557 1041 4618 V,a
1090 4553 1327 4604 manumissoribus
1346 4553 1392 4602 ciel.
1412 4551 1545 4602 Mommsen
1621 4551 1667 4616 (16)
1685 4549 1784 4618 stam,
1802 4573 1854 4606 com
1871 4553 1898 4606 B

234 4617 330 4668 libertis
346 4619 480 4684 aaaron,
498 4621 543 4668 aut
558 4617 645 4670 liberti
662 4621 739 4672 inas
790 4621 825 4686 (8)
843 4637 892 4672 xvr
911 4623 939 4686 V,
957 4637 996 4674 xv
1010 4625 1039 4686 P,
1091 4623 1184 4686 (aaa),
1202 4619 1321 4672 debeatur
1344 4619 1476 4672 VPLssOR
1580 4619 1625 4682 (a)
1643 4619 1697 4686 ipso
1725 4623 1751 4672 V
1770 4633 1854 4674 contra
1871 4621 1899 4674 Β

233 4683 349 4738 σοιΗαλ
401 4687 435 4752 (2)
446 4689 498 4738 ΑΛ.
518 4689 561 4750 i=
570 4707 594 4740 a.
604 4687 657 4752 293)
671 4689 804 4740 Mommsen
856 4689 998 4754 (tuttundo
1019 4693 1044 4742 V
1090 4689 1135 4754 (18)
1154 4705 1235 4752 neque
1253 4689 1341 4740 dobere
1359 4689 1492 4740 Mommsen
1533 4683 1577 4744 (19)
1595 4689 1639 4736 aut
1656 4703 1700 4736 em.
1719 4685 1746 4734 B

1025 4845 1096 4856 ...ρ-

234 4949 369 5016 cesserint,
387 4953 511 5022 fortasse
528 4951 660 5028 indiqnos'
671 4955 759 5004 tamen
777 4951 953 5008 humanitatis
969 4973 1033 5026 qra·
1089 4957 1306 5022 manumiserint,
1331 4957 1404 5012 celat
1429 4955 1477 5028 qui
1499 4955 1676 5012 certamnen
1694 4957 1782 5014 liberti
1794 4959 1898 5030 proba-

235 5019 273 5074 aa
289 5033 422 5082 oceanas,
446 5027 686 5092 compraetorem
709 5025 792 5072 totam
811 5019 894 5090 leqem
911 5033 1033 5078 nostram
1089 5027 1141 5094 ait,
1171 5027 1234 5082 item
1259 5025 1308 5098 qai
1333 5041 1365 5082 re
1390 5041 1455 5082 uera
1475 5031 1614 5098 padanus
1639 5043 1696 5082 aon
1721 5031 1776 5090 est,
1803 5043 1841 5084 ea·
1865 5043 1897 5082 eo

233 5093 264 5144 25
303 5085 340 5142 cd
361 5093 489 5166 namnam
510 5091 807 5172 accommodaverimus.
842 5089 1039 5152 Praetereaei
1089 5101 1192 5160 autem,
1220 5093 1296 5164 quod
1318 5093 1395 5166 falso
1421 5093 1536 5158 iurarit,
1562 5099 1734 5166 paranetas
1760 5095 1821 5148 iura
1847 5095 1899 5150 sibi

233 5173 348 5238 qaoque,
364 5171 410 5226 qur
425 5161 636 5232 emonapanerit
649 5175 819 5226 eumeemae,
837 5179 1039 5232 quemquamne
1088 5163 1227 5220 uindicare
1253 5169 1369 5216 conatus
1394 5167 1449 5226 est,
1481 5169 1509 5218 et
1532 5161 1557 5214 si
1583 5163 1644 5232 quis
1670 5163 1741 5218 atius
1767 5163 1896 5220 eiusmodi

233 5241 261 5280 m
272 5229 413 5298 potestate
429 5223 518 5292 balet,
530 5233 701 5308 patronatus
713 5229 765 5294 ias,
783 5229 858 5300 qaod
875 5235 957 5286 antea
971 5249 1038 5302 que·
1088 5229 1221 5288 ueteribus
1247 5229 1324 5284 libris
1351 5231 1518 5294 continetur,
1544 5247 1605 5284 eum
1630 5229 1664 5284 ab
1691 5229 1765 5284 omni
1787 5233 1896 5286 omnine

232 5291 537 5372 praedecesserunt
547 5297 743 5366 praecipimus,
759 5305 797 5364 nt,
812 5297 837 5352 si
851 5299 1038 5370 emancipatus
1088 5299 1164 5354 lacre
1184 5297 1259 5370 qued
1269 5303 1441 5370 patronatus
1457 5295 1518 5352 inre
1533 5297 1640 5354 obvenit
1652 5313 1826 5364 removemus,
1844 5301 1899 5354 nisi

232 5361 265 5416 ab
289 5363 416 5418 intestato
438 5365 467 5414 et
481 5377 539 5438 nne
556 5363 648 5420 tiberis
665 5363 810 5420 decesserit
826 5367 868 5422 cel
889 5373 1038 5424 extraneos
1088 5367 1164 5438 quod
1184 5367 1363 5422 recaentiam
1386 5367 1412 5420 ei
1434 5365 1467 5420 ab
1490 5365 1621 5420 eiusmodi
1639 5365 1742 5418 libertis
1760 5367 1895 5424 obsanare

233 5427 343 5484 beredes
359 5429 508 5502 sabasam,
527 5437 575 5484 aar
590 5433 620 5486 in
638 5437 723 5488 toturn
740 5433 774 5488 ab
788 5433 918 5490 intestato
938 5443 988 5490 aut
1009 5437 1036 5490 in
1086 5435 1281 5508 permittimus,
1309 5433 1438 5506 quonian
1464 5449 1510 5488 cos
1532 5451 1563 5490 re
1589 5449 1653 5490 vere
1675 5439 1815 5512 pqtronos
1841 5453 1898 5490 esse

234 5503 355 5554 trientem
385 5501 491 5574 contra·
509 5501 693 5556 testamentum
716 5503 895 5558 manrtmissor
919 5511 1036 5572 eccetan,
1088 5519 1236 5568 censemus,
1273 5505 1320 5574 qai
1353 5521 1385 5558 rc
1419 5517 1484 5560 ocra
1519 5501 1668 5556 libertatem
1702 5517 1737 5556 rm
1760 5509 1895 5560 emanat.

233 5565 312 5638 quasi
329 5567 432 5622 encnci
452 5571 508 5620 atre
533 5573 673 5622 conuecta
693 5569 797 5640 fiducie
818 5571 942 5628 uideatur
957 5571 1037 5642 facta
1088 5577 1119 5626 tt
1156 5571 1260 5626 Eadem
1283 5571 1347 5626 iura
1369 5577 1397 5626 et
1419 5567 1640 5626 descendentibus
1661 5577 1689 5624 et
1709 5519 1831 5642 τελέουσι
1850 5573 1896 5644 sa-

233 5637 264 5714 to
299 5649 362 5688 esse.
427 5649 476 5690 aec
498 5637 587 5712 autem
609 5635 638 5688 in
660 5637 695 5690 its
715 5637 805 5694 ualere
821 5641 966 5704 sancimus,
990 5643 1038 5712 qai
1087 5637 1177 5712 miliae
1199 5657 1305 5706 eorum,
1328 5639 1377 5718 qai
1398 5639 1428 5694 in
1446 5637 1611 5694 testamentis
1627 5637 1670 5692 oei
1686 5637 1896 5712 quibuscunque

233 5701 609 5782 ῑιοιτταοιιιιιἰιιροςααίιιτ,Ι
624 5719 693 5780 qnos
719 5707 800 5762 etiam
825 5709 900 5762 solos
921 5711 1037 5778 patroni
1087 5707 1188 5762 ultimis
1205 5707 1389 5764 uoluntatibus
1406 5709 1515 5778 aliquos
1531 5705 1744 5772 manumiserunt,
1767 5707 1902 5762 aduersas

232 5769 449 5850 denominatione
457 5771 507 5850 'ati
518 5775 707 5848 permittemus.
749 5793 812 5828 nam
832 5775 879 5846 qui
896 5777 924 5830 in
942 5779 1036 5832 ceteri
1088 5775 1198 5832 libertos
1220 5777 1268 5848 qai
1291 5785 1426 5832 uocantur
1447 5775 1555 5830 creticos
1579 5773 1733 5842 tabuimus,
1759 5781 1895 5848 tamqnam

233 5839 281 5896 bas
299 5837 372 5898 labris
389 5839 514 5896 subulcus
526 5845 657 5912 pretrants
674 5841 894 5910 adnumerantur,
912 5845 963 5898 etsi
981 5863 1035 5900 non
1086 5845 1110 5898 si
1127 5845 1161 5898 ab
1180 5845 1222 5898 bis
1238 5845 1308 5916 ipsis
1324 5841 1483 5898 manumissi
1499 5851 1593 5898 essent.
