4258 6266
242 361 297 424 13

245 539 260 610 ἢ
291 549 335 596 καί
360 543 444 600 άλλως
474 539 652 610 ὁπωσδήποτε
675 541 785 598 πόλεσιν
812 545 912 620 ἑτέραις
936 543 1051 606 ὑποτελίι

248 619 255 664 l
293 619 387 668 ποιεῖν.
417 615 466 666 Tei
482 611 527 666 δεῖ1
543 613 616 684 παρὰ
632 615 718 664 seira
734 615 927 668 ποιοῖντοςκαὶ
946 613 1050 666 ποιεῖν2

245 687 408 754 πειρωμένου
431 677 447 746 ἢ
470 683 528 732 τῶν
549 677 599 746 ἤδη
617 675 831 736 όνανεωθεισῶν
848 681 955 736 πόλεων
972 677 989 746 ἢ
1005 683 1050 732 καί

244 751 300 802 τῶν
323 749 515 802 πολισθέντων
536 745 630 800 τόπων
654 743 670 812 ἢ
693 749 760 816 μετὰ
782 753 868 804 ταῦτα
890 747 970 814 τυχόν
987 743 1049 798 άνα-

244 821 393 886 aaronitae
416 811 433 882 ἢ
456 813 640 884 πολιζομίνων
665 815 695 870 τό
714 819 759 884 τῆς
778 813 928 882 ίδιαζούσης
945 819 1048 870 ἐπισκο-

244 887 294 950 πῆς
319 879 495 954 ἀφαιρεῖσθαι
521 881 625 936 δίκαιον
659 879 675 950 ἢ
706 885 770 938 ἄλλο
800 907 828 938 τι
855 883 1050 954 παραιρεῖσθαι

244 955 300 1004 τῶν
317 947 578 1022 παρασχεθεντωνίγ
595 955 639 1004 καί
656 955 941 1026 παρασχεθησομε’νων
960 945 1050 1002 αὑταῖς

244 1025 399 1092 προνομίαν
421 1017 464 1104 μὴ
495 1015 579 1086 μόνον
605 1017 620 1086 ἡ
653 1023 812 1092 ἐπιχείρησις
839 1023 909 1072 ἔστω
938 1025 1049 1088 ματαία,

244 1083 308 1138 nihii
331 1089 375 1138 καὶ
399 1085 476 1138 aeris
500 1083 513 1140 ὁ
537 1091 591 1140 τοῖς
614 1091 709 1142 κοινῶς
734 1093 777 1140 καὶ
796 1083 852 1152 ἰδία
869 1085 1050 1140 λυσιτελοῦσιν

244 1149 345 1220 ἑκάστῳ
363 1149 509 1222 μαχόμενος
526 1151 674 1226 ότιμωθείς
691 1157 748 1208 τῶν
766 1151 856 1206 όντων
866 1151 1047 1236 γυμνούσθω·

244 1223 301 1274 τῶν
308 1223 399 1274 αὑτῶν
410 1243 424 1272 κ
443 1219 581 1278 conierere
593 1227 737 1292 ἐπιτιμίων
751 1227 795 1274 καί
809 1241 876 1274 κατα
891 1225 938 1274 τοὺ
956 1221 1049 1276 καθῶς

245 1295 400 1362 προείρηται
426 1293 618 1366 επιχειροιῖντος
644 1295 687 1344 καί
713 1287 758 1344 διά
771 1289 909 1356 βασιλικῆς
926 1289 1050 1344 τοιοὺτόν

245 1363 259 1410 2
293 1377 321 1410 τι
347 1359 475 1430 πράττειν
499 1355 714 1432 ἀντιφωνησειος.
761 1359 850 1410 Ταῦτα
881 1355 912 1410 δὲ
938 1361 1049 1428 γενικῶς

245 1421 416 1488 διατάξαντες
437 1431 482 1480 καῖ
505 1429 540 1482 εἰς
561 1431 627 1482 νοῶν
650 1421 791 1496 εἰληφότες.
812 1425 862 1492 τὴν
884 1425 1049 1478 κατάστασιν

245 1495 302 1546 τῶν
319 1491 477 1576 ἁγιωτάτων
494 1495 639 1562 ἐκκλησιῶν
656 1497 714 1546 τῶν
731 1491 907 1560 διακειμένων
929 1491 982 1548 ὑπὸ
1004 1491 1048 1546 Τόν

245 1581 291 1614 αιν
314 1579 359 1646 της
380 1563 438 1616 τῶν
455 1565 576 1616 Σκυθῶν
600 1567 726 1632 ἐπαρχίας
749 1567 794 1614 καὶ
817 1557 859 1614 ότι
877 1557 923 1614 οὑκ
940 1563 1051 1634 ἐγχωρεῖ

244 1629 291 1682 τὰς
315 1629 393 1682 αυτοῖς
416 1627 565 1704 ἁγιωτάτας
595 1627 731 1694 ἐκκλησίας
760 1635 879 1694 συνεχέσι
902 1627 1050 1704 βαρβάρων

245 1693 400 1782 ἐπιδρομαῖς
421 1697 677 1766 καταβλαπτομίνας
696 1693 713 1764 ἢ
731 1701 775 1748 καί
792 1695 877 1750 άλλως
894 1717 951 1752 πως
968 1703 1049 1764 πενία

245 1767 363 1830 συζωσας
380 1767 474 1838 ἑτέρως
491 1761 684 1830 διασιόζεσθαι,
706 1767 729 1816 εί
748 1763 782 1830 κὴ
800 1761 845 1818 διά
861 1767 906 1832 τῆς
923 1767 970 1818 τοὺ
987 1767 1048 1818 θεο-

245 1833 334 1902 φιλοῦς
359 1829 503 1888 ἐπισκόπου
529 1829 642 1900 Tripodes,
665 1831 721 1898 ἥτις
744 1837 803 1884 ἐστὶ
825 1839 869 1884 καὶ
887 1837 934 1886 τοῦ
953 1833 1049 1886 ἔθνους

244 1897 412 1974 μητρόπολις,
429 1895 584 1972 τυγχάνοιεν
597 1901 772 1972 προμηθείας,
791 1901 959 1970 θεσπίζομεν
971 1899 1048 1962 ὑπεξ-

245 1969 381 2038 αιρεῖσθαι
404 1971 450 2034 τῆς
472 1965 606 2040 παρούσης
626 1967 703 2020 θείας
720 1971 882 2036 νομοθεσίας
900 1975 944 2022 καί
966 1967 1047 2054 μηδα-

244 2039 300 2104 μῶς
325 2031 404 2088 αὑτάς
428 2031 584 2106 ὑπάγεσθαι
605 2037 637 2108 τῇ
654 2031 751 2102 ταύτης
776 2033 892 2108 ἀνάγκη,
918 2033 966 2090 itt
1004 2039 1048 2090 ἐπὶ

245 2111 259 2158 3
293 2103 341 2156 τοῦ
358 2103 452 2154 οἰκείου
470 2101 600 2172 σχήματος
616 2107 714 2172 με’νειν.
757 2105 835 2156 Κατὰ
853 2091 883 2156 δὲ
899 2103 949 2158 τόν
967 2099 1050 2158 αὑτὸν

244 2167 346 2244 τρόπον
362 2167 567 2244 ὑπεξαιρεῖσθαι
584 2175 641 2226 τῶν
659 2175 703 2226 ἐπὶ
720 2175 767 2224 τοὺ
785 2169 919 2244 παρόντος
942 2193 1048 2240 νενομο-

244 2239 404 2308 τεθημίνων
426 2235 581 2308 βουλόμεθα
604 2243 647 2292 καί
671 2239 720 2306 τὴν
739 2241 847 2312 ἔναγχος
870 2241 1050 2296 πολισθεῖσαν

244 2305 312 2362 κατὰ
335 2303 366 2360 τὸ
387 2303 514 2378 'lenione
536 2309 617 2360 ἔθνος
640 2307 705 2376 πρὸς
728 2307 807 2376 τιμὴν
830 2313 874 2360 καί
897 2309 1050 2380 θεραπείαν

244 2375 291 2426 τοὺ
308 2371 457 2426 καλλινίκου
473 2371 604 2448 μάρτυρος
614 2371 739 2428 Κόνωνος
754 2373 842 2438 πόλιν,
860 2383 982 2430 τουτέστι
999 2375 1050 2442 τὴν

245 2439 485 2508 Λεοντοπολιτῶν,
513 2439 582 2496 ῶστε
608 2447 651 2494 καί
678 2439 774 2508 αὑτόν,
804 2439 896 2516 ῶσπερ
922 2445 972 2498 νῦν
997 2447 1049 2512 ἔχει

245 2505 387 2576 σχήματος,
410 2507 546 2578 διαμένειν
563 2509 607 2562 διὰ
624 2511 656 2562 τ“ο
677 2509 796 2574 (πολλῶν
814 2509 918 2584 σφόδρα
937 2511 1048 2582 φιλονει-

245 2579 399 2644 κηθίντων,
433 2579 486 2638 εἴτε
517 2573 600 2644 αὑτὴν
626 2575 752 2648 προσήκει
779 2577 936 2644 ἰδιαζόντως
962 2585 1050 2646 τυχεῖν

245 2643 402 2708 ἐπισκόπου,
428 2645 481 2698 εἴτε
503 2641 555 2698 ὑπό
576 2645 625 2712 τὴν
643 2643 774 2718 φροντίδα
791 2651 836 2698 καὶ
853 2645 984 2720 πρόνοιαν
1001 2649 1049 2700 τοὺ

245 2709 453 2800 θεοφιλεστάτου
472 2709 616 2768 ἐπισκόπου
634 2709 889 2786 τηςἸσαυροπόλεως
905 2715 1048 2782 συντελεῖν)

244 2779 392 2846 δεδοχθαι3
413 2775 492 2834 πόλιν
509 2785 559 2850 μὲν
579 2779 663 2846 αὑτὴν
680 2781 748 2832 εἶναι
766 2785 810 2834 καί
827 2785 885 2834 τῶν
902 2781 1049 2838 πολιτικῶν

243 2845 391 2902 άνελλιπῶς
413 2853 456 2900 καῖ
479 2849 514 2902 είς
530 2847 625 2922 πλῆρες
642 2843 787 2902 ἀπολαύειν
805 2847 927 2916 δικαίων,
950 2847 1002 2906 ὑπὸ
1020 2849 1050 2904 δὲ

244 2915 294 2998 τὴν
308 2913 442 3036 φροντίδα
458 2917 745 2986 τοῖμνημονευθίντος
758 2913 905 2972 ἐπισκόπου
923 2917 968 2972 διά
982 2939 1048 2974 παν-

245 3001 289 3036 τος
326 3003 352 3036 ια
374 2989 450 3036 insin.
510 2997 511 3000 ’
887 3003 888 3006 ’

279 3049 318 3108 36
336 3005 396 3116 titt
415 3049 489 3106 Idem
498 3051 529 3106 A.
541 3049 699 3106 Sebastiano
713 3069 762 3124 pp.
791 3053 915 3108 Iubemus
931 3055 1047 3124 adscrip-

244 3121 366 3174 ticionum
383 3119 528 3174 creationes
545 3117 690 3174 seeundum
703 3129 816 3174 retorem
835 3123 1056 3188 constitutionem,

212 3239 213 3242 ,
245 3189 294 3242 nisi
321 3187 484 3242 dominorum
509 3189 720 3254 possessionum,
749 3189 821 3242 unde
848 3189 951 3244 oriundi
977 3195 1047 3252 sunt,

245 3255 350 3310 evidens
375 3255 539 3310 concurrerit
561 3269 720 3318 consensus,
742 3257 840 3312 nullius
862 3257 968 3326 penitus
989 3273 1047 3312 esse

244 3325 382 3388 momenti,
407 3321 453 3376 sed
476 3323 566 3378 isdem
581 3321 723 3376 fundorum
741 3323 861 3390 dominis,
886 3327 931 3394 qui
948 3325 1046 3378 facien-

245 3393 294 3446 dae
318 3391 444 3446 creationi
470 3405 524 3444 non
552 3391 621 3444 siout
643 3389 741 3444 dicturo
764 3397 804 3446 est
827 3393 961 3448 evidenter
985 3409 1046 3446 con-

245 3459 387 3524 senserint,
411 3459 451 3512 ius
474 3459 609 3528 proprium
631 3457 666 3510 ad
687 3459 882 3514 similitudinem
900 3467 1047 3516 ceterorum

245 3527 417 3582 colonorumi
433 3527 461 3580 in
476 3543 537 3580 suos
553 3525 735 3594 adscripticios
748 3527 894 3594 exercendi,
911 3535 1047 3598 tamquam

245 3597 267 3648 si
300 3595 373 3648 nulla
404 3595 501 3648 creato
527 3595 730 3660 intercessisset,
767 3597 849 3652 tribui
883 3597 1045 3652 facultatem.

244 3663 363 3732 idemque
379 3663 431 3716 hoo
449 3677 528 3732 super
545 3663 598 3716 illis
615 3677 719 3784 quogno
735 3663 858 3730 agricolis
883 3663 1046 3720 decernimus

245 3729 387 3796 observari,
408 3731 453 3798 qui
472 3747 531 3786 cunr
548 3735 636 3786 essent
653 3745 669 3784 a
688 3729 837 3798 seripticiae
854 3733 966 3786 nexibus
983 3747 1046 3788 con-

245 3935 278 4000 (1)
304 3931 337 3986 δέ
359 3937 438 4002 sappi.
464 3935 568 4000 Scheeii,
595 3955 638 3988 σαι.
662 3933 761 3986 Nonae.
838 3933 871 4000 (2)
895 3937 983 3988 ποιεῖν
1003 3937 1049 3986 dai.

246 4005 279 4068 (3)
304 3997 431 4068 διδόχθαι
454 4003 552 4056 Nonae.
638 4001 672 4068 (t)
698 4001 730 4050 ad
761 4001 814 4050 sini.
842 4003 887 4052 oet.
917 4003 964 4054 cel.
994 4005 1049 4056 oeta

245 4089 296 4122 cnm
324 4071 436 4134 Gracci's,
464 4089 507 4122 ont.
536 4073 594 4122 iibri
617 4071 695 4122 nostri
782 4069 815 4134 (5)
839 4071 967 4122 constricti
993 4073 1048 4122 dett.

245 4139 279 4202 (ί)
296 4139 385 4190 sociari
404 4159 449 4190 om.
464 4139 490 4188 R
580 4137 613 4206 [t]
631 4137 701 4202 prius
719 4139 774 4188 coici.
792 4155 843 4188 cnm
864 4139 974 4204 Graecis,
992 4155 1050 4206 pro-

245 4379 257 4428 l
293 4371 444 4428 civitatibus
461 4371 630 4428 trihntariam
645 4371 747 4442 faeere.
776 4369 829 4438 Qui
845 4377 941 4428 tonna
956 4375 1047 4444 faeiat

243 4439 285 4496 nei
301 4457 383 4496 ακαις
395 4441 485 4520 faerit
499 4441 555 4496 siae
571 4441 624 4494 iam
641 4439 779 4494 renotatio
799 4439 951 4494 aieitatihns
968 4441 1045 4496 locis-

244 4527 296 4578 qne
317 4509 355 4564 act
376 4509 492 4564 civitatis
513 4507 628 4580 prodam
645 4509 783 4578 promotis
804 4507 847 4564 eei
866 4507 896 4560 in
919 4509 1045 4580 feturam

242 4577 318 4646 forte
345 4575 507 4632 renovandis
533 4575 576 4632 eei
592 4575 786 4646 promovendis
802 4575 953 4648 peaniiaris
977 4577 1046 4650 epis-

245 4649 359 4722 copatos
379 4645 423 4698 ins
438 4643 555 4698 edmero
579 4643 621 4698 aei
637 4641 713 4696 alind
729 4641 795 4714 qaid
812 4645 923 4714 anferre
937 4645 1047 4716 primic-

243 4727 349 4830 φοτυκι
370 4729 440 4784 qnae
461 4713 501 4766 eis
516 4711 740 4788 praestiterant
761 4711 804 4766 oei
824 4713 904 4766 eham
920 4719 1046 4784 praesta·

260 4785 350 4844 anter,
368 4779 425 4834 eins
441 4797 495 4834 non
512 4779 600 4834 solnm
616 4779 723 4832 initam
740 4779 777 4832 sit
793 4793 936 4844 conamen,
956 4779 1006 4836 sad
1020 4785 1047 4836 et

242 4845 309 4926 ipse,
326 4847 373 4916 qni
389 4847 548 4904 adoasatnr
560 4847 596 4900 iis
613 4861 683 4918 qnae
698 4845 728 4898 in
746 4861 883 4902 comnenae
899 4847 942 4904 aei
951 4847 1046 4922 prion-

245 4919 290 4968 nm
312 4915 433 4978 omnibns
454 4915 532 4970 ntiiia
552 4921 629 4980 snnt,
653 4929 713 4968 anm
734 4913 852 4984 infamia
867 4915 1047 4994 facoltatibus

242 4981 299 5034 snio
315 4985 440 5036 exeatur.
469 4981 575 5038 eaedem
586 4997 696 5054 poenae
711 4981 822 5036 valeant
836 4987 917 5036 eham
932 4983 962 5036 in
978 5001 1045 5048 eam,

243 5049 304 5120 qni,
326 5053 357 5102 nt
378 5065 465 5118 snpra
482 5049 581 5104 dietam
598 5055 647 5116 est,
659 5067 714 5122 per
729 5047 870 5122 imperiale
886 5049 1045 5122 rescriptam

243 5121 258 5172 2
293 5115 347 5172 tale
361 5115 533 5194 qaidsaoere
548 5123 666 5172 coaeter.
692 5115 794 5184 Qnihns
807 5117 969 5190 amentiae
983 5135 1045 5172 οοιι-

242 5183 343 5238 ςίῖίκίῖε
359 5199 402 5238 res
421 5189 531 5238 anantes
547 5185 585 5240 αιί
599 5191 700 5240 statam
713 5189 950 5240 sanosenctnrnen
965 5185 1020 5240 ecci
1034 5217 1045 5228 -

242 5253 343 5306 siornm
364 5199 420 5306 ςαθ
432 5249 507 5304 Tomi
528 5249 557 5304 in
575 5251 737 5322 Scytharum
754 5253 900 5324 provincia
917 5255 1016 5310 οοαςίῖί
1035 5285 1045 5294 -

245 5325 332 5374 tarnm
353 5325 381 5374 et
396 5317 476 5442 φασί
497 5317 603 5396 eaedem
624 5325 816 5376 senosonotae
839 5319 965 5376 εοοίοςῖαε
982 5337 1044 5376 aon-

244 5387 325 5442 tinnis
347 5387 395 5442 har
413 5401 522 5442 arerem
544 5385 743 5442 incursionibus
770 5395 886 5444 renatae
912 5387 954 5444 eci
977 5389 1046 5444 elias

243 5461 361 5526 apostate
386 5453 512 5526 adflictae
536 5451 641 5508 servari
662 5455 741 5508 aliter
764 5463 968 5536 nonpossint,
994 5457 1047 5510 nisi

242 5523 273 5576 ιἰί
285 5523 337 5592 fiat
347 5521 522 5596 providentie
539 5519 611 5574 heati
626 5521 748 5594 episcopi
763 5523 861 5590 Tomis,
879 5525 1045 5596 panaetium

244 5595 327 5662 capnt
350 5589 438 5662 penis
453 5595 505 5654 est,
530 5605 547 5644 a
566 5589 711 5660 praesenti
725 5607 806 5644 sacra
824 5591 848 5646 le
867 5609 882 5646 e
899 5609 945 5646 eas
962 5593 1046 5646 enimi

242 5657 377 5712 εααοῖιακε
391 5673 477 5730 neqnc
494 5655 549 5712 κίίο
563 5655 643 5712 modo
659 5655 684 5708 ei
697 5655 790 5722 sabini,
807 5675 837 5712 se
867 5661 895 5712 in
908 5675 958 5714 sno
972 5665 1045 5714 stata

243 5727 259 5776 3
292 5741 405 5782 monne.
440 5725 542 5780 Eadem
563 5721 699 5780 modoad
722 5723 1045 5802 ttspstoetapraesent·

243 5793 389 5848 cernitisne
404 5799 470 5848 sant
491 5793 576 5848 enimi
594 5789 717 5848 οοίκικκς
734 5795 813 5844 ettam
834 5809 891 5844 carn
911 5793 1043 5850 oioitaten

920 355 1221 466 A„

1665 369 1710 414 DE
1732 357 1904 418 nemoorls

1104 537 1214 594 dicionis
1224 537 1368 606 conscripti
1375 539 1392 600 ⁵,
1406 535 1550 592 solitariam
1559 531 1770 588 vitamvidelicet
1779 537 1905 602 appeten·

1103 611 1143 660 tes
1153 607 1315 674 quibuslibet
1328 621 1386 660 sese
1400 603 1566 658 monasteriis
1577 603 1841 656 contraroluntetenr
1859 603 1905 656 do·

1104 679 1114 728 l
1134 675 1264 730 minorum
1273 675 1416 728 fundorum
1429 673 1553 726 duxerint
1561 671 1717 726 offerendos.
1736 669 1905 724 Servossene

1100 745 1214 798 sociarii
1237 743 1395 808 clericorum
1418 741 1559 796 consortiis
1580 739 1730 794 volentibus
1754 753 1859 806 quoqne
1879 741 1906 790 et

1100 811 1327 868 consentientibus
1353 809 1467 864 dominis
1484 807 1568 862 modis
1586 807 1708 862 omnibns
1726 807 1905 874 prohibemus,

1101 893 1161 934 cum
1185 879 1265 934 liceat
1282 893 1373 932 eorum
1391 875 1512 940 dominis
1532 875 1594 930 data
1612 875 1693 930 servis
1711 873 1803 942 prius⁷
1825 873 1904 928 liber-

1100 953 1155 1002 tate
1171 947 1273 1002 licitam
1295 945 1334 1002 eis
1356 945 1392 1000 ad
1414 943 1596 1012 suscipiendos
1615 943 1729 996 honores
1748 939 1905 996 clericorum

1100 1027 1113 1072 2
1149 1021 1212 1086 iter,
1236 1017 1258 1070 si
1281 1017 1332 1070 hoc
1348 1017 1490 1082 voluerint,
1509 1017 1620 1096 aperire.
1655 1023 1749 1068 (tmues
1767 1021 1905 1082 praeterea

1098 1089 1213 1142 snorum
1235 1083 1440 1138 clarissimorum
1461 1085 1611 1152 provincias
1633 1083 1826 1138 moderantium
1845 1097 1904 1138 sen-

1099 1155 1187 1208 tentiis
1211 1155 1311 1220 absque
1334 1153 1389 1206 ulla
1411 1151 1540 1222 privilegii
1562 1151 1709 1206 differentia
1736 1151 1790 1218 (qui
1816 1155 1904 1202 tamen

1098 1221 1241 1292 praesidali
1257 1221 1434 1274 iurisclictioni
1451 1219 1564 1274 subiecti
1580 1221 1650 1282 sunt,
1669 1219 1723 1272 siue
1738 1219 1856 1288 episcopi
1864 1217 1905 1272 sel

1100 1291 1209 1358 quilibet
1231 1287 1320 1342 clerici
1343 1293 1389 1340 aut
1410 1287 1533 1342 monachi
1550 1291 1596 1340 aut
1614 1287 1755 1340 cuiuslibet
1772 1287 1824 1340 siut
1844 1301 1904 1340 con-

1100 1357 1220 1422 dicionis)
1250 1357 1351 1426 pariter
1382 1355 1542 1424 respondere
1569 1355 1746 1408 decernimus:
1780 1355 1853 1408 nulla
1878 1353 1905 1404 in

1099 1427 1234 1494 posterum
1245 1425 1306 1478 siris
1325 1425 1476 1478 clarissimis
1494 1423 1689 1490 prouinciarum
1706 1423 1854 1476 rectoribus
1871 1419 1905 1474 ad

1098 1495 1170 1556 loca,
1194 1493 1221 1546 in
1245 1493 1340 1562 quibus
1361 1491 1499 1546 incusatae
1520 1507 1649 1558 personne
1667 1491 1824 1554 consistunt,
1845 1503 1904 1556 per-

1099 1561 1218 1614 veniendi
1244 1559 1402 1614 necessitate
1428 1559 1533 1628 penitus
1563 1559 1734 1626 imponenda,
1766 1575 1825 1612 eum
1853 1571 1905 1608 non

1100 1629 1185 1682 solum
1209 1629 1325 1696 legibus,
1351 1643 1443 1682 verum
1472 1627 1550 1680 ctiam
1576 1625 1690 1680 naturali
1723 1641 1828 1694 quoquc
1854 1623 1906 1678 iuri

1100 1695 1246 1758 conveniat,
1265 1713 1330 1764 quos
1348 1713 1390 1750 res
1409 1695 1533 1762 exegerit,
1551 1695 1717 1748 iudicialibus
1736 1695 1769 1746 ad
1781 1693 1905 1746 iudicium

1098 1765 1188 1818 vocari
1205 1765 1349 1828 sententiis,
1373 1779 1428 1818 non
1445 1765 1517 1832 ipsos
1535 1761 1650 1826 iudices,
1669 1763 1739 1830 quod
1757 1761 1809 1816 dici
1827 1761 1904 1814 etiam

1098 1833 1224 1886 iniustum
1242 1837 1293 1896 cst,
1317 1833 1352 1886 ad
1370 1831 1503 1896 subiectos
1521 1829 1623 1894 deduci,
1647 1831 1694 1884 sed
1711 1845 1759 1898 por
1777 1831 1852 1884 datos
1871 1827 1905 1880 ab

1098 1901 1140 1954 his
1166 1899 1266 1954 iudices
1293 1915 1390 1954 causae
1413 1899 1632 1954 examinationem
1655 1899 1683 1950 in
1706 1899 1772 1952 locis
1796 1897 1843 1950 ubi
1865 1897 1903 1950 in-

1100 1969 1184 2022 cusati
1202 1967 1299 2034 degum
1315 1967 1467 2036 procedere.
1503 1965 1536 2020 D.
1560 1981 1578 2018 r
1590 1965 1616 2020 h.
1635 1967 1737 2038 April.l
1755 1963 1904 2020 canstanti-

1098 2053 1134 2090 no
1156 2037 1194 2090 oti
1213 2035 1377 2090 Theoderico
1396 2053 1468 2088 coros.
1787 2033 1823 2104 [α.
1843 2031 1904 2100 484]

1130 2053 1172 2162 ii
1192 2099 1252 2170 (38)
1271 2103 1345 2158 hiem
1360 2105 1390 2158 A.
1409 2101 1569 2158 Sebastiano
1582 2119 1632 2174 pp.
1668 2101 1763 2166 Servis,
1783 2101 1805 2154 si
1823 2099 1904 2154 domi-

1099 2187 1192 2226 norum
1210 2171 1454 2226 inerintvoluntate
1467 2169 1569 2234 muniti,
1588 2169 1731 2224 solitariam
1748 2169 1827 2222 eitam
1845 2181 1903 2236 par-

1099 2241 1227 2310 ticipandi
1249 2239 1356 2294 lieentia
1379 2255 1432 2292 non
1454 2237 1611 2306 denegetur,
1629 2239 1691 2292 dum
1709 2243 1796 2290 tamen
1814 2251 1904 2290 eorum

1100 2307 1260 2362 domininon
1276 2307 1403 2376 ignorent,
1422 2307 1500 2374 quod,
1520 2307 1542 2358 si
1552 2307 1632 2360 servis
1652 2307 1706 2358 suis
1724 2305 1758 2358 ad
1772 2307 1904 2358 monaste·

1099 2375 1198 2430 riorum
1217 2377 1314 2430 cultum
1330 2375 1458 2442 migrandi
1475 2373 1616 2428 tribuerint
1628 2373 1790 2436 facultatem,
1809 2385 1903 2426 eorun-

1100 2445 1158 2496 dem
1181 2459 1314 2498 serrorum
1337 2443 1459 2502 dominio,
1484 2441 1568 2496 donec
1590 2443 1660 2496 idem
1683 2441 1795 2496 serviis
1813 2439 1903 2494 eodem

1098 2511 1285 2564 monachorum
1303 2511 1395 2566 habitu
1418 2511 1578 2574 duraverint,
1602 2509 1763 2578 spoliandos:
1788 2507 1904 2574 alioquin

1099 2579 1122 2634 si
1144 2577 1237 2632 relicta
1259 2577 1328 2634 forte
1350 2581 1404 2632 rita
1428 2577 1546 2634 solitaria
1569 2577 1604 2632 ad
1627 2577 1704 2630 aliam
1724 2593 1752 2630 se
1770 2577 1902 2632 condicio·

1098 2661 1158 2702 nem
1167 2649 1359 2712 transtulerint,
1378 2653 1479 2700 certum
1496 2651 1536 2700 est
1553 2661 1596 2700 eos
1613 2647 1647 2698 ad
1661 2645 1794 2700 servitutis
1808 2645 1903 2712 iugum,

1100 2729 1178 2784 quam
1194 2715 1364 2768 monachicae
1381 2713 1554 2794 professionis
1571 2715 1644 2766 cultu
1658 2719 1803 2778 evaserant,
1817 2727 1902 2766 reuer-

1099 2799 1184 2838 suros.
1219 2781 1252 2838 D.
1271 2783 1305 2836 ici.
1325 2783 1410 2854 Aproi.
1431 2781 1597 2836 Theoderico
1616 2797 1687 2836 aeris.
1785 2781 1821 2850 [a.
1841 2779 1902 2848 484]

1133 2847 1171 2908 38
1192 2847 1251 2916 (39)
1269 2849 1315 2904 9Οἱ
1335 2847 1370 2904 τά
1392 2847 1449 2902 ἴδια
1469 2847 1635 2922 μοναστὴρια
1659 2845 1904 2918 καταλιμπάνοντες

1165 2913 1196 2970 οὑ
1213 2913 1395 2988 λαμβάνουσιν
1414 2913 1432 2970 di
1448 2913 1716 3002 προσήγαχοναότοῖς
1733 2913 1827 2982 κινητὰ
1844 2911 1905 2980 όσης

1166 2981 1266 3052 δήποτε
1282 2983 1429 3054 ποσότητος
1446 2983 1524 3048 ὄντα,
1550 3005 1601 3036 nne
1622 2983 1658 3054 μὴ
1681 2989 1793 3052 συνίστη
1811 2985 1904 3056 πρᾶξις

1101 3059 1111 3108 l
1165 3049 1367 3122 ὑπομνημάτων
1390 3051 1434 3108 ἐπ’
1461 3049 1557 3106 αὑτοῖς.
1595 3049 1656 3106 Ἐπί
1673 3051 1703 3104 δὲ
1719 3057 1776 3106 ταῖς
1793 3049 1904 3126 δωρεαῖς

1165 3123 1223 3174 τῶν
1245 3117 1379 3188 ἀκινήτων
1403 3119 1445 3174 δεῖ
1463 3117 1498 3172 τὰ
1514 3117 1614 3190 νόμιμα
1631 3117 1828 3190 φυλάττεσθαι,
1847 3123 1903 3174 ἐπεὶ

1165 3185 1211 3240 οὑκ
1228 3185 1376 3262 ἀναιρεῖται
1392 3191 1432 3256 τῶ
1451 3187 1633 3262 δωρησαμένῳ
1652 3185 1822 3254 ἦέκνίκησις.

1098 3261 1112 3310 2
1148 3261 1203 3308 Καὶ
1219 3259 1298 3310 τοῦτο
1316 3255 1346 3310 δὲ
1362 3259 1537 3324 θεσπίζομεν,
1561 3251 1630 3308 ῶστε
1647 3255 1750 3322 μηδένα
1767 3257 1824 3310 τῶν
1842 3255 1902 3308 θεο·

1098 3321 1267 3396 φιλεστάτων
1284 3321 1441 3378 ἐπισκόπων
1463 3321 1480 3390 ἢ
1501 3319 1748 3396 χωρεπισιιόπωνῆ
1770 3321 1902 3398 περιοδει-

1097 3393 1155 3444 τῶν
1180 3387 1197 3458 ἢ
1221 3391 1355 3464 κληρικῶν
1380 3389 1494 3446 ἄκοντας
1519 3391 1579 3444 τοὺς
1605 3391 1708 3444 λαῖκοὺς
1733 3387 1903 3446 συνελαύνεται

1097 3459 1163 3534 πρός
1186 3459 1236 3528 τὴν
1257 3461 1316 3514 τῶν
1337 3461 1530 3534 καρποφοριῶν
1552 3461 1610 3512 τῶν
1633 3463 1662 3514 ἐν
1679 3465 1734 3512 τοῖς
1750 3457 1842 3516 τόποις
1858 3477 1902 3512 αα·

1097 3527 1233 3594 λουμίνων
1249 3525 1380 3600 ἀπαρχῶν
1396 3525 1455 3596 ἤτοι
1472 3529 1636 3612 προσφορῶν
1654 3531 1755 3582 ἔκτισιν
1770 3525 1860 3600 ῶσπερ
1875 3545 1915 3578 τιν

1096 3593 1169 3648 τέλος
1194 3597 1281 3648 ταῦτα
1305 3593 1516 3666 μεθοδεύοντας,
1542 3617 1559 3662 η
1582 3599 1625 3648 καὶ
1648 3599 1773 3670 γεωργοῖς
1791 3601 1850 3666 με’ν,
1874 3597 1902 3646 όν

1096 3659 1184 3750 κλήρῳ
1211 3661 1241 3716 δὲ
1265 3663 1495 3738 καταλεγομένοις,
1520 3669 1565 3714 καὶ
1589 3659 1706 3732 μάλιστα
1731 3667 1851 3726 ἐκείνοις,
1877 3661 1902 3714 οῖ

1096 3729 1150 3802 μηδ
1186 3727 1238 3786 ὑπό
1260 3729 1419 3786 δεσποτείαν
1442 3733 1510 3786 etate
1535 3727 1626 3784 αὑτῶν
1649 3733 1706 3786 τῶν
1729 3727 1902 3804 θεοφιλεστά·

1100 3933 1162 4000 priis
1188 3937 1246 3986 iibri
1332 3935 1367 4002 (8)
1389 3939 1425 3988 sie
1448 3937 1478 3996 P,
1502 3935 1551 3984 ian.
1575 3937 1684 3988 Pithoni:
1709 3939 1740 4004 cs.
1760 3939 1820 3988 diem
1838 3957 1857 3990 c.
1876 3947 1900 3990 ot

1101 4003 1136 4122 {3
1151 4015 1225 4122 2⁰2}
1225 4011 1263 4122 pt
1279 4041 1299 4056 ..
1314 4015 1326 4056 6
1346 4003 1428 4056 entant
1445 4007 1469 4056 in
1487 4003 1602 4056 Nemea:
1620 4007 1711 4056 indicos
1727 4023 1766 4072 pr.
1787 4013 1798 4064 t
1817 4017 1827 4056 l
1847 4007 1904 4056 dedi

1878 4279 1900 4286 ...-

1094 4389 1164 4444 qnae
1181 4389 1268 4444 anper
1283 4373 1312 4428 in
1330 4371 1491 4428 Isanrornm
1507 4379 1587 4446 pente
1604 4373 1641 4428 ad
1657 4373 1773 4428 eieitatis
1821 4373 1899 4428 adnm

1092 4443 1221 4512 provecte
1247 4447 1287 4496 est
1309 4443 1338 4494 in
1358 4441 1488 4498 honorem
1511 4443 1761 4512 easaetenatone
1805 4443 1900 4496 ononis

1095 4507 1143 4578 qni
1155 4507 1283 4628 [aioriose
1303 4509 1464 4580 martyriam
1485 4509 1625 4574 snshnnit,
1648 4509 1899 4582 temropntnntn

1095 4575 1230 4640 videncet,
1254 4581 1286 4630 nt
1307 4577 1414 4650 stipem
1437 4593 1515 4650 qoem
1537 4593 1608 4630 nanc
1625 4575 1705 4632 hahet
1721 4583 1820 4632 ereren
1838 4577 1899 4634 reti·

1095 4647 1159 4722 nleat
1175 4657 1215 4708 ee,
1239 4643 1314 4722 enoch
1328 4647 1407 4712 (narn
1424 4643 1503 4700 aeide
1520 4649 1651 4698 certatum
1669 4649 1716 4710 est,
1740 4661 1804 4698 nam
1815 4663 1900 4716 peon-

1096 4713 1190 4766 harem
1215 4727 1288 4782 episc
1325 4729 1370 4764 nm
1396 4711 1494 4766 hahere
1520 4711 1626 4776 dehent,
1654 4729 1690 4766 an
1715 4713 1763 4766 snh
1787 4729 1853 4768 σανα
1875 4719 1901 4768 et

1091 4777 1250 4852 vprovisione
1265 4797 1295 4834 re
1306 4779 1461 4850 ιηῖοςίεςῖιαι·
1478 4779 1599 4900 episcopi
1607 4779 1824 4852 isanropotitani
1838 4797 1900 4836 οοιι-

1094 4845 1205 4912 sistere)
1223 4845 1317 4902 ciritae
1333 4845 1440 4918 enitent
1457 4863 1514 4902 esse
1535 4847 1561 4902 oi
1580 4853 1658 4902 τοίαν
1674 4853 1702 4902 et
1712 4847 1825 4920 publico
1842 4851 1901 4902 inre

1094 4917 1224 4986 perpenso
1246 4919 1273 4968 et
1292 4913 1374 4986 piene
1394 4915 1523 4986 srnatnr,
1550 4919 1659 4970 maneat
1679 4921 1768 4970 aretem
1791 4917 1899 4970 omnino

1094 4979 1143 5036 sni
1161 4995 1227 5034 cara
1243 4983 1384 5036 memorati
1400 4983 1527 5054 episcopi.

1129 5043 1168 5106 38
1186 5045 1239 5112 aas
1260 5049 1425 5106 monasteria
1441 5067 1492 5106 saa
1509 5049 1672 5120 relinquant,
1694 5067 1749 5104 nen
1766 5049 1899 5122 recepiant

1094 5115 1203 5172 τιοίιίίῖα
1219 5133 1289 5186 qnae
1305 5115 1340 5172 iis
1355 5115 1516 5182 intuterant,
1535 5117 1723 5188 aeternamque
1739 5119 1899 5188 pernotatis

1094 5187 1169 5246 sant,
1202 5183 1307 5238 etamsi
1331 5191 1408 5256 peste
1434 5185 1467 5242 cie
1493 5183 1527 5238 iis
1554 5187 1680 5256 confecta
1705 5201 1761 5238 non
1780 5187 1897 5308 [namot.

1097 5257 1108 5304 l
1145 5247 1179 5304 In
1201 5251 1372 5306 immobilium
1395 5257 1484 5308 antem
1505 5251 1650 5306 donatione
1670 5253 1733 5306 inre
1763 5253 1899 5310 esereari

1095 5323 1215 5390 oportet,
1243 5335 1302 5374 eam
1333 5321 1470 5376 revocatio
1503 5319 1631 5374 donatori
1661 5337 1717 5374 nen
1754 5321 1896 5376 adimetur.

1095 5391 1110 5440 i
1145 5385 1238 5440 Etiam
1259 5385 1311 5442 hoc
1327 5387 1472 5452 sancimus,
1494 5391 1527 5442 nt
1542 5403 1618 5442 nemo
1635 5387 1686 5442 rel'
1705 5389 1898 5442 iosissimornm

1095 5453 1284 5526 miseopornm
1310 5455 1353 5510 eei
1377 5453 1632 5528 chorepiscoporum
1658 5403 1705 5510 οολ
1727 5455 1898 5510 visitatorem

1095 5523 1136 5580 eei
1152 5523 1308 5580 clericorem
1325 5523 1412 5580 laicos
1427 5523 1526 5580 incitos
1543 5523 1675 5596 compelle
1707 5523 1745 5578 asi
1760 5523 1898 5580 tottionem

1089 5595 1272 5664 praeentnarn
1293 5591 1341 5664 qni
1362 5593 1392 5646 in
1408 5589 1554 5664 prouincia
1565 5591 1707 5662 primitiae
1730 5591 1772 5646 eei
1787 5609 1898 5646 matera

1094 5661 1232 5724 notanter,
1257 5675 1326 5730 qaae
1343 5659 1416 5714 caint
1431 5659 1547 5738 υιοίῖγαί
1566 5659 1689 5730 accipent,
1712 5659 1754 5714 eei
1769 5659 1898 5730 apricatis

1094 5727 1122 5780 in
1140 5723 1238 5778 cleram
1255 5727 1369 5806 receprtis
1386 5733 1413 5782 et
1428 5741 1546 5782 ιαααιιαε
1562 5725 1625 5792 iliis,
1649 5723 1696 5796 qni
1713 5743 1768 5780 non
1784 5727 1833 5782 ςαίι
1851 5727 1896 5782 cio-

1094 5793 1175 5848 rninio
1192 5793 1454 5862 reiipionssimornm
1478 5793 1664 5864 ομῖςοομοιιιιιι
1682 5793 1724 5848 oei
1739 5811 1892 5850 secretana·v
