<?xml version="1.0" encoding="UTF-8"?>
<!DOCTYPE html PUBLIC "-//W3C//DTD XHTML 1.0 Transitional//EN"
    "http://www.w3.org/TR/xhtml1/DTD/xhtml1-transitional.dtd">
<html xmlns="http://www.w3.org/1999/xhtml" xml:lang="en" lang="en">
 <head>
  <title>
</title>
<meta http-equiv="Content-Type" content="text/html;charset=utf-8" />
  <meta name='ocr-system' content='tesseract 3.04.00' />
  <meta name='ocr-capabilities' content='ocr_page ocr_carea ocr_par ocr_line ocrx_word'/>
</head>
<body>
  <div class='ocr_page' id='page_1' title='image "./corpusiuriscivi00kruegoog_0118.png"; bbox 0 0 4266 6266; ppageno 0'>
   <div class='ocr_carea' id='block_1_1' title="bbox 250 355 406 420">
    <p class='ocr_par' dir='ltr' id='par_1_1' title="bbox 250 355 406 420">
     <span class='ocr_line' id='line_1_1' title="bbox 250 355 406 420; baseline 0 0"><span class='ocrx_word' id='word_1_1' title='bbox 250 355 264 420; x_wconf 94' lang='grc' dir='ltr'><strong>Ι</strong></span> <span class='ocrx_word' id='word_1_2' title='bbox 287 357 406 420; x_wconf 64' lang='lat' dir='ltr'>ais-51</span> 
     </span>
    </p>
   </div>
   <div class='ocr_carea' id='block_1_2' title="bbox 1064 343 1914 422">
    <p class='ocr_par' dir='ltr' id='par_1_2' title="bbox 1064 343 1914 422">
     <span class='ocr_line' id='line_1_2' title="bbox 1064 343 1914 422; baseline 0.002 -2"><span class='ocrx_word' id='word_1_3' title='bbox 1064 343 1105 420; x_wconf 82' lang='lat' dir='ltr'>tu</span> <span class='ocrx_word' id='word_1_4' title='bbox 1610 371 1657 420; x_wconf 84' lang='lat' dir='ltr'>na</span> <span class='ocrx_word' id='word_1_5' title='bbox 1681 371 1818 422; x_wconf 83' lang='grc' dir='ltr'>οιιιιιι</span> <span class='ocrx_word' id='word_1_6' title='bbox 1839 371 1914 422; x_wconf 83' lang='lat' dir='ltr'>urus</span> 
     </span>
    </p>
   </div>
   <div class='ocr_carea' id='block_1_3' title="bbox 220 537 1053 4980">
    <p class='ocr_par' dir='ltr' id='par_1_3' title="bbox 220 537 1053 4980">
     <span class='ocr_line' id='line_1_3' title="bbox 248 537 1053 606; baseline -0.002 -12"><span class='ocrx_word' id='word_1_7' title='bbox 248 539 318 596; x_wconf 89' lang='lat' dir='ltr'>lares</span> <span class='ocrx_word' id='word_1_8' title='bbox 340 557 389 596; x_wconf 89' lang='lat' dir='ltr'>nec</span> <span class='ocrx_word' id='word_1_9' title='bbox 413 557 466 596; x_wconf 91' lang='lat' dir='ltr'>non</span> <span class='ocrx_word' id='word_1_10' title='bbox 490 541 653 594; x_wconf 78' lang='lat' dir='ltr'>correctores</span> <span class='ocrx_word' id='word_1_11' title='bbox 671 537 699 590; x_wconf 92' lang='lat' dir='ltr'>in</span> <span class='ocrx_word' id='word_1_12' title='bbox 716 537 869 606; x_wconf 90' lang='lat' dir='ltr'>metropoli,</span> <span class='ocrx_word' id='word_1_13' title='bbox 895 537 1053 606; x_wconf 75' lang='lat' dir='ltr'>spectabiles</span> 
     </span>
     <span class='ocr_line' id='line_1_4' title="bbox 248 605 1052 674; baseline -0.005 -12"><span class='ocrx_word' id='word_1_14' title='bbox 248 623 309 664; x_wconf 83' lang='lat' dir='ltr'>sero</span> <span class='ocrx_word' id='word_1_15' title='bbox 333 611 431 666; x_wconf 90' lang='lat' dir='ltr'>iudices</span> <span class='ocrx_word' id='word_1_16' title='bbox 455 615 508 660; x_wconf 89' lang='lat' dir='ltr'>tam</span> <span class='ocrx_word' id='word_1_17' title='bbox 531 607 621 662; x_wconf 82' lang='lat' dir='ltr'>civiles</span> <span class='ocrx_word' id='word_1_18' title='bbox 637 623 721 674; x_wconf 88' lang='grc' dir='ltr'>ιιιιιι</span> <span class='ocrx_word' id='word_1_19' title='bbox 742 605 870 662; x_wconf 89' lang='lat' dir='ltr'>militares</span> <span class='ocrx_word' id='word_1_20' title='bbox 893 607 921 660; x_wconf 89' lang='lat' dir='ltr'>in</span> <span class='ocrx_word' id='word_1_21' title='bbox 939 607 1052 660; x_wconf 88' lang='lat' dir='ltr'>civitati-</span> 
     </span>
     <span class='ocr_line' id='line_1_5' title="bbox 248 671 1051 744; baseline -0.002 -14"><span class='ocrx_word' id='word_1_22' title='bbox 248 677 298 734; x_wconf 87' lang='lat' dir='ltr'>bus</span> <span class='ocrx_word' id='word_1_23' title='bbox 322 679 519 734; x_wconf 78' lang='lat' dir='ltr'>administratae</span> <span class='ocrx_word' id='word_1_24' title='bbox 542 675 693 728; x_wconf 90' lang='lat' dir='ltr'>dioeceseos</span> <span class='ocrx_word' id='word_1_25' title='bbox 724 671 914 730; x_wconf 85' lang='lat' dir='ltr'>illustrioribus</span> <span class='ocrx_word' id='word_1_26' title='bbox 936 675 1051 744; x_wconf 90' lang='lat' dir='ltr'>publice,</span> 
     </span>
     <span class='ocr_line' id='line_1_6' title="bbox 248 743 1051 800; baseline -0.005 0"><span class='ocrx_word' id='word_1_27' title='bbox 248 761 297 800; x_wconf 92' lang='lat' dir='ltr'>nec</span> <span class='ocrx_word' id='word_1_28' title='bbox 322 749 391 800; x_wconf 89' lang='lat' dir='ltr'>domi</span> <span class='ocrx_word' id='word_1_29' title='bbox 412 743 454 800; x_wconf 90' lang='lat' dir='ltr'>vel</span> <span class='ocrx_word' id='word_1_30' title='bbox 481 743 552 798; x_wconf 88' lang='lat' dir='ltr'>intre</span> <span class='ocrx_word' id='word_1_31' title='bbox 575 747 780 800; x_wconf 88' lang='lat' dir='ltr'>sancrosanctos</span> <span class='ocrx_word' id='word_1_32' title='bbox 802 743 929 800; x_wconf 90' lang='lat' dir='ltr'>terminos</span> <span class='ocrx_word' id='word_1_33' title='bbox 952 743 993 798; x_wconf 93' lang='lat' dir='ltr'>vel</span> <span class='ocrx_word' id='word_1_34' title='bbox 1010 757 1051 796; x_wconf 92' lang='lat' dir='ltr'>re-</span> 
     </span>
     <span class='ocr_line' id='line_1_7' title="bbox 247 811 1050 882; baseline -0.004 -13"><span class='ocrx_word' id='word_1_35' title='bbox 247 815 338 882; x_wconf 79' lang='lat' dir='ltr'>giones</span> <span class='ocrx_word' id='word_1_36' title='bbox 356 819 403 866; x_wconf 91' lang='grc' dir='ltr'>ιιι</span> <span class='ocrx_word' id='word_1_37' title='bbox 419 815 541 882; x_wconf 82' lang='grc' dir='ltr'>ιιιιιιιι</span> <span class='ocrx_word' id='word_1_38' title='bbox 560 811 651 866; x_wconf 90' lang='lat' dir='ltr'>domos</span> <span class='ocrx_word' id='word_1_39' title='bbox 671 811 814 880; x_wconf 85' lang='lat' dir='ltr'>latitantes,</span> <span class='ocrx_word' id='word_1_40' title='bbox 832 811 878 866; x_wconf 91' lang='lat' dir='ltr'>sed</span> <span class='ocrx_word' id='word_1_41' title='bbox 893 811 921 864; x_wconf 90' lang='lat' dir='ltr'>in</span> <span class='ocrx_word' id='word_1_42' title='bbox 935 811 1050 866; x_wconf 89' lang='lat' dir='ltr'>celeber-</span> 
     </span>
     <span class='ocr_line' id='line_1_8' title="bbox 248 881 1052 950; baseline -0.005 -14"><span class='ocrx_word' id='word_1_43' title='bbox 248 881 319 936; x_wconf 80' lang='lat' dir='ltr'>rimis</span> <span class='ocrx_word' id='word_1_44' title='bbox 336 881 402 936; x_wconf 91' lang='lat' dir='ltr'>locis</span> <span class='ocrx_word' id='word_1_45' title='bbox 419 881 481 934; x_wconf 90' lang='lat' dir='ltr'>ante</span> <span class='ocrx_word' id='word_1_46' title='bbox 500 881 616 934; x_wconf 90' lang='lat' dir='ltr'>omnium</span> <span class='ocrx_word' id='word_1_47' title='bbox 633 897 699 950; x_wconf 91' lang='lat' dir='ltr'>qnos</span> <span class='ocrx_word' id='word_1_48' title='bbox 717 897 804 950; x_wconf 85' lang='lat' dir='ltr'>nuper</span> <span class='ocrx_word' id='word_1_49' title='bbox 821 881 1052 948; x_wconf 71' lang='grc' dir='ltr'>ιιιιιιιιιιιιιι1</span> 
     </span>
     <span class='ocr_line' id='line_1_9' title="bbox 248 947 1053 1016; baseline -0.002 -12"><span class='ocrx_word' id='word_1_50' title='bbox 248 965 296 1004; x_wconf 86' lang='grc' dir='ltr'>ιιι</span> <span class='ocrx_word' id='word_1_51' title='bbox 320 953 470 1012; x_wconf 84' lang='grc' dir='ltr'>ιιιιιιιιι,</span> <span class='ocrx_word' id='word_1_52' title='bbox 502 955 533 1002; x_wconf 91' lang='grc' dir='ltr'>ιι</span> <span class='ocrx_word' id='word_1_53' title='bbox 563 951 654 1016; x_wconf 87' lang='lat' dir='ltr'>pateat</span> <span class='ocrx_word' id='word_1_54' title='bbox 681 949 801 1006; x_wconf 89' lang='lat' dir='ltr'>omnibus</span> <span class='ocrx_word' id='word_1_55' title='bbox 827 947 942 1002; x_wconf 82' lang='lat' dir='ltr'>facultas</span> <span class='ocrx_word' id='word_1_56' title='bbox 969 947 1053 1002; x_wconf 87' lang='lat' dir='ltr'>libera</span> 
     </span>
     <span class='ocr_line' id='line_1_10' title="bbox 248 1015 1052 1088; baseline -0.002 -16"><span class='ocrx_word' id='word_1_57' title='bbox 248 1031 328 1086; x_wconf 91' lang='lat' dir='ltr'>super</span> <span class='ocrx_word' id='word_1_58' title='bbox 339 1015 417 1072; x_wconf 83' lang='lat' dir='ltr'>furtis</span> <span class='ocrx_word' id='word_1_59' title='bbox 431 1019 477 1070; x_wconf 92' lang='lat' dir='ltr'>aut</span> <span class='ocrx_word' id='word_1_60' title='bbox 492 1017 645 1074; x_wconf 86' lang='lat' dir='ltr'>criminibus</span> <span class='ocrx_word' id='word_1_61' title='bbox 659 1017 851 1088; x_wconf 89' lang='lat' dir='ltr'>querimoniam</span> <span class='ocrx_word' id='word_1_62' title='bbox 865 1017 1052 1082; x_wconf 87' lang='lat' dir='ltr'>commovendi,</span> 
     </span>
     <span class='ocr_line' id='line_1_11' title="bbox 247 1083 1052 1166; baseline -0.002 -28"><span class='ocrx_word' id='word_1_63' title='bbox 247 1085 285 1138; x_wconf 92' lang='lat' dir='ltr'>ita</span> <span class='ocrx_word' id='word_1_64' title='bbox 302 1091 333 1136; x_wconf 91' lang='grc' dir='ltr'>ιι</span> <span class='ocrx_word' id='word_1_65' title='bbox 349 1085 383 1138; x_wconf 91' lang='lat' dir='ltr'>ab</span> <span class='ocrx_word' id='word_1_66' title='bbox 402 1085 472 1140; x_wconf 91' lang='lat' dir='ltr'>omui</span> <span class='ocrx_word' id='word_1_67' title='bbox 490 1085 614 1142; x_wconf 90' lang='lat' dir='ltr'>defensus</span> <span class='ocrx_word' id='word_1_68' title='bbox 630 1087 728 1142; x_wconf 92' lang='lat' dir='ltr'>iniuria</span> <span class='ocrx_word' id='word_1_69' title='bbox 740 1083 895 1166; x_wconf 83' lang='lat' dir='ltr'>provisione</span> <span class='ocrx_word' id='word_1_70' title='bbox 912 1089 975 1152; x_wconf 92' lang='lat' dir='ltr'>post</span> <span class='ocrx_word' id='word_1_71' title='bbox 992 1101 1052 1140; x_wconf 91' lang='lat' dir='ltr'>eum</span> 
     </span>
     <span class='ocr_line' id='line_1_12' title="bbox 247 1151 1051 1222; baseline 0 -16"><span class='ocrx_word' id='word_1_72' title='bbox 247 1151 455 1208; x_wconf 87' lang='lat' dir='ltr'>administrantis</span> <span class='ocrx_word' id='word_1_73' title='bbox 479 1169 510 1208; x_wconf 90' lang='lat' dir='ltr'>ac</span> <span class='ocrx_word' id='word_1_74' title='bbox 531 1155 650 1222; x_wconf 90' lang='lat' dir='ltr'>periculo</span> <span class='ocrx_word' id='word_1_75' title='bbox 674 1153 757 1208; x_wconf 80' lang='lat' dir='ltr'>oflicii</span> <span class='ocrx_word' id='word_1_76' title='bbox 780 1169 829 1206; x_wconf 90' lang='lat' dir='ltr'>uec</span> <span class='ocrx_word' id='word_1_77' title='bbox 852 1153 939 1208; x_wconf 89' lang='lat' dir='ltr'>minus</span> <span class='ocrx_word' id='word_1_78' title='bbox 967 1153 1051 1208; x_wconf 90' lang='lat' dir='ltr'>curia-</span> 
     </span>
     <span class='ocr_line' id='line_1_13' title="bbox 246 1219 1051 1288; baseline 0 -14"><span class='ocrx_word' id='word_1_79' title='bbox 246 1221 310 1274; x_wconf 92' lang='lat' dir='ltr'>lium</span> <span class='ocrx_word' id='word_1_80' title='bbox 329 1223 354 1274; x_wconf 94' lang='lat' dir='ltr'>et</span> <span class='ocrx_word' id='word_1_81' title='bbox 372 1221 517 1278; x_wconf 85' lang='lat' dir='ltr'>defensoris</span> <span class='ocrx_word' id='word_1_82' title='bbox 536 1223 648 1278; x_wconf 86' lang='lat' dir='ltr'>civitatis</span> <span class='ocrx_word' id='word_1_83' title='bbox 656 1225 674 1288; x_wconf 77' lang='lat'>²,</span> <span class='ocrx_word' id='word_1_84' title='bbox 696 1219 843 1274; x_wconf 88' lang='lat' dir='ltr'>iuratoriae</span> <span class='ocrx_word' id='word_1_85' title='bbox 866 1223 971 1274; x_wconf 88' lang='lat' dir='ltr'>tantum</span> <span class='ocrx_word' id='word_1_86' title='bbox 988 1237 1051 1276; x_wconf 89' lang='lat' dir='ltr'>can-</span> 
     </span>
     <span class='ocr_line' id='line_1_14' title="bbox 245 1289 1051 1362; baseline -0.002 -20"><span class='ocrx_word' id='word_1_87' title='bbox 245 1289 312 1342; x_wconf 90' lang='lat' dir='ltr'>tioni</span> <span class='ocrx_word' id='word_1_88' title='bbox 338 1289 507 1356; x_wconf 88' lang='lat' dir='ltr'>commissus,</span> <span class='ocrx_word' id='word_1_89' title='bbox 532 1297 674 1362; x_wconf 88' lang='lat' dir='ltr'>postquam</span> <span class='ocrx_word' id='word_1_90' title='bbox 700 1289 781 1342; x_wconf 85' lang='lat' dir='ltr'>fuerit</span> <span class='ocrx_word' id='word_1_91' title='bbox 806 1289 834 1340; x_wconf 92' lang='lat' dir='ltr'>in</span> <span class='ocrx_word' id='word_1_92' title='bbox 861 1289 1051 1358; x_wconf 90' lang='lat' dir='ltr'>querimoniam</span> 
     </span>
     <span class='ocr_line' id='line_1_15' title="bbox 246 1357 1050 1428; baseline 0 -18"><span class='ocrx_word' id='word_1_93' title='bbox 246 1357 402 1424; x_wconf 86' lang='lat' dir='ltr'>devocatus,</span> <span class='ocrx_word' id='word_1_94' title='bbox 428 1357 535 1428; x_wconf 91' lang='lat' dir='ltr'>pulsare</span> <span class='ocrx_word' id='word_1_95' title='bbox 562 1359 711 1414; x_wconf 85' lang='lat' dir='ltr'>solentibus</span> <span class='ocrx_word' id='word_1_96' title='bbox 738 1359 778 1424; x_wconf 84' lang='lat' dir='ltr'>(ut</span> <span class='ocrx_word' id='word_1_97' title='bbox 804 1357 903 1412; x_wconf 85' lang='lat' dir='ltr'>dictum</span> <span class='ocrx_word' id='word_1_98' title='bbox 925 1361 975 1424; x_wconf 87' lang='lat' dir='ltr'>est]</span> <span class='ocrx_word' id='word_1_99' title='bbox 1001 1373 1050 1428; x_wconf 91' lang='lat' dir='ltr'>pro</span> 
     </span>
     <span class='ocr_line' id='line_1_16' title="bbox 247 1425 1050 1496; baseline 0 -18"><span class='ocrx_word' id='word_1_100' title='bbox 247 1429 261 1478; x_wconf 84' lang='lat'>2</span> <span class='ocrx_word' id='word_1_101' title='bbox 296 1427 384 1492; x_wconf 82' lang='lat' dir='ltr'>legum</span> <span class='ocrx_word' id='word_1_102' title='bbox 402 1427 505 1484; x_wconf 90' lang='lat' dir='ltr'>ratione</span> <span class='ocrx_word' id='word_1_103' title='bbox 522 1425 693 1496; x_wconf 88' lang='lat' dir='ltr'>respondeat:</span> <span class='ocrx_word' id='word_1_104' title='bbox 716 1425 774 1480; x_wconf 84' lang='lat' dir='ltr'>Nec</span> <span class='ocrx_word' id='word_1_105' title='bbox 796 1425 877 1478; x_wconf 89' lang='lat' dir='ltr'>ullam</span> <span class='ocrx_word' id='word_1_106' title='bbox 895 1433 957 1480; x_wconf 90' lang='lat' dir='ltr'>ante</span> <span class='ocrx_word' id='word_1_107' title='bbox 974 1441 1050 1496; x_wconf 92' lang='lat' dir='ltr'>prae-</span> 
     </span>
     <span class='ocr_line' id='line_1_17' title="bbox 247 1493 1051 1566; baseline 0 -20"><span class='ocrx_word' id='word_1_108' title='bbox 247 1493 349 1546; x_wconf 89' lang='lat' dir='ltr'>finitum</span> <span class='ocrx_word' id='word_1_109' title='bbox 366 1501 469 1566; x_wconf 87' lang='lat' dir='ltr'>tempus</span> <span class='ocrx_word' id='word_1_110' title='bbox 489 1497 520 1550; x_wconf 90' lang='lat' dir='ltr'>de</span> <span class='ocrx_word' id='word_1_111' title='bbox 536 1493 672 1564; x_wconf 88' lang='lat' dir='ltr'>provincia</span> <span class='ocrx_word' id='word_1_112' title='bbox 687 1493 838 1548; x_wconf 90' lang='lat' dir='ltr'>discedendi</span> <span class='ocrx_word' id='word_1_113' title='bbox 854 1493 1051 1548; x_wconf 82' lang='lat' dir='ltr'>excusationem</span> 
     </span>
     <span class='ocr_line' id='line_1_18' title="bbox 246 1561 1051 1620; baseline 0 -4"><span class='ocrx_word' id='word_1_114' title='bbox 246 1561 270 1616; x_wconf 89' lang='lat' dir='ltr'>ei</span> <span class='ocrx_word' id='word_1_115' title='bbox 288 1561 390 1618; x_wconf 79' lang='lat' dir='ltr'>tribrmt</span> <span class='ocrx_word' id='word_1_116' title='bbox 407 1565 447 1620; x_wconf 90' lang='lat' dir='ltr'>vel</span> <span class='ocrx_word' id='word_1_117' title='bbox 464 1565 552 1618; x_wconf 92' lang='lat' dir='ltr'>divina</span> <span class='ocrx_word' id='word_1_118' title='bbox 569 1563 735 1616; x_wconf 87' lang='lat' dir='ltr'>revocatoria</span> <span class='ocrx_word' id='word_1_119' title='bbox 749 1561 791 1616; x_wconf 92' lang='lat' dir='ltr'>vel</span> <span class='ocrx_word' id='word_1_120' title='bbox 809 1561 925 1616; x_wconf 84' lang='lat' dir='ltr'>codicilli</span> <span class='ocrx_word' id='word_1_121' title='bbox 941 1561 1051 1616; x_wconf 88' lang='lat' dir='ltr'>alterius</span> 
     </span>
     <span class='ocr_line' id='line_1_19' title="bbox 245 1629 1052 1700; baseline -0.002 -16"><span class='ocrx_word' id='word_1_122' title='bbox 245 1629 480 1688; x_wconf 83' lang='lat' dir='ltr'>administrationis</span> <span class='ocrx_word' id='word_1_123' title='bbox 507 1631 588 1686; x_wconf 89' lang='lat' dir='ltr'>oblati</span> <span class='ocrx_word' id='word_1_124' title='bbox 612 1631 652 1684; x_wconf 91' lang='lat' dir='ltr'>vel</span> <span class='ocrx_word' id='word_1_125' title='bbox 678 1635 850 1700; x_wconf 89' lang='lat' dir='ltr'>praeceptum</span> <span class='ocrx_word' id='word_1_126' title='bbox 873 1631 1052 1700; x_wconf 88' lang='lat' dir='ltr'>amplissimae</span> 
     </span>
     <span class='ocr_line' id='line_1_20' title="bbox 246 1697 1051 1768; baseline -0.002 -16"><span class='ocrx_word' id='word_1_127' title='bbox 246 1701 308 1754; x_wconf 88' lang='lat' dir='ltr'>tuae</span> <span class='ocrx_word' id='word_1_128' title='bbox 330 1701 414 1766; x_wconf 90' lang='lat' dir='ltr'>sedis,</span> <span class='ocrx_word' id='word_1_129' title='bbox 438 1703 468 1754; x_wconf 93' lang='lat' dir='ltr'>ut</span> <span class='ocrx_word' id='word_1_130' title='bbox 491 1699 600 1754; x_wconf 89' lang='lat' dir='ltr'>alterius</span> <span class='ocrx_word' id='word_1_131' title='bbox 618 1697 769 1768; x_wconf 88' lang='lat' dir='ltr'>provinciae</span> <span class='ocrx_word' id='word_1_132' title='bbox 786 1699 962 1754; x_wconf 79' lang='lat' dir='ltr'>moderatorIs</span> <span class='ocrx_word' id='word_1_133' title='bbox 980 1699 1051 1754; x_wconf 90' lang='lat' dir='ltr'>vices</span> 
     </span>
     <span class='ocr_line' id='line_1_21' title="bbox 246 1765 1050 1838; baseline -0.002 -18"><span class='ocrx_word' id='word_1_134' title='bbox 246 1769 377 1834; x_wconf 86' lang='lat' dir='ltr'>obtineat,</span> <span class='ocrx_word' id='word_1_135' title='bbox 401 1771 448 1822; x_wconf 90' lang='lat' dir='ltr'>aut</span> <span class='ocrx_word' id='word_1_136' title='bbox 469 1773 640 1836; x_wconf 89' lang='lat' dir='ltr'>praeceptum</span> <span class='ocrx_word' id='word_1_137' title='bbox 662 1765 800 1838; x_wconf 84' lang='lat' dir='ltr'>praelatae</span> <span class='ocrx_word' id='word_1_138' title='bbox 821 1767 861 1822; x_wconf 86' lang='lat' dir='ltr'>vel</span> <span class='ocrx_word' id='word_1_139' title='bbox 884 1767 993 1822; x_wconf 90' lang='lat' dir='ltr'>alterius</span> <span class='ocrx_word' id='word_1_140' title='bbox 1015 1765 1050 1820; x_wconf 90' lang='lat' dir='ltr'>ci-</span> 
     </span>
     <span class='ocr_line' id='line_1_22' title="bbox 244 1835 1050 1906; baseline -0.001 -16"><span class='ocrx_word' id='word_1_141' title='bbox 244 1835 302 1892; x_wconf 90' lang='lat' dir='ltr'>vilis</span> <span class='ocrx_word' id='word_1_142' title='bbox 320 1853 368 1892; x_wconf 91' lang='lat' dir='ltr'>seu</span> <span class='ocrx_word' id='word_1_143' title='bbox 384 1835 504 1890; x_wconf 89' lang='lat' dir='ltr'>militaris</span> <span class='ocrx_word' id='word_1_144' title='bbox 523 1835 711 1904; x_wconf 89' lang='lat' dir='ltr'>cuiuscumque</span> <span class='ocrx_word' id='word_1_145' title='bbox 728 1837 885 1904; x_wconf 89' lang='lat' dir='ltr'>potestatis,</span> <span class='ocrx_word' id='word_1_146' title='bbox 908 1841 939 1890; x_wconf 91' lang='lat' dir='ltr'>ut</span> <span class='ocrx_word' id='word_1_147' title='bbox 959 1851 1050 1906; x_wconf 88' lang='lat' dir='ltr'>quam-</span> 
     </span>
     <span class='ocr_line' id='line_1_23' title="bbox 246 1903 1050 1976; baseline -0.004 -17"><span class='ocrx_word' id='word_1_148' title='bbox 246 1919 358 1974; x_wconf 84' lang='lat' dir='ltr'>cumque</span> <span class='ocrx_word' id='word_1_149' title='bbox 382 1903 584 1958; x_wconf 89' lang='lat' dir='ltr'>sollicitudinem</span> <span class='ocrx_word' id='word_1_150' title='bbox 606 1905 738 1976; x_wconf 87' lang='lat' dir='ltr'>publicam</span> <span class='ocrx_word' id='word_1_151' title='bbox 761 1907 837 1972; x_wconf 82' lang='lat' dir='ltr'>gerat</span> <span class='ocrx_word' id='word_1_152' title='bbox 858 1909 906 1958; x_wconf 89' lang='lat' dir='ltr'>ant</span> <span class='ocrx_word' id='word_1_153' title='bbox 927 1905 1050 1960; x_wconf 83' lang='lat' dir='ltr'>exhibea-</span> 
     </span>
     <span class='ocr_line' id='line_1_24' title="bbox 244 1973 1051 2042; baseline 0 -18"><span class='ocrx_word' id='word_1_154' title='bbox 244 1977 288 2024; x_wconf 88' lang='lat' dir='ltr'>tur</span> <span class='ocrx_word' id='word_1_155' title='bbox 305 1973 346 2026; x_wconf 92' lang='lat' dir='ltr'>vel</span> <span class='ocrx_word' id='word_1_156' title='bbox 368 1973 530 2038; x_wconf 86' lang='lat' dir='ltr'>deducatur,</span> <span class='ocrx_word' id='word_1_157' title='bbox 557 1979 605 2026; x_wconf 84' lang='lat' dir='ltr'>aut</span> <span class='ocrx_word' id='word_1_158' title='bbox 629 1979 792 2042; x_wconf 87' lang='lat' dir='ltr'>postremum</span> <span class='ocrx_word' id='word_1_159' title='bbox 818 1973 960 2028; x_wconf 89' lang='lat' dir='ltr'>cuiuslibet</span> <span class='ocrx_word' id='word_1_160' title='bbox 986 1973 1051 2026; x_wconf 89' lang='lat' dir='ltr'>artis</span> 
     </span>
     <span class='ocr_line' id='line_1_25' title="bbox 245 2041 1050 2108; baseline 0 -14"><span class='ocrx_word' id='word_1_161' title='bbox 245 2041 358 2106; x_wconf 89' lang='lat' dir='ltr'>astutia,</span> <span class='ocrx_word' id='word_1_162' title='bbox 377 2041 565 2108; x_wconf 89' lang='lat' dir='ltr'>cuiuscumque</span> <span class='ocrx_word' id='word_1_163' title='bbox 582 2041 730 2096; x_wconf 88' lang='lat' dir='ltr'>occasionis</span> <span class='ocrx_word' id='word_1_164' title='bbox 748 2041 899 2108; x_wconf 81' lang='lat' dir='ltr'>excogitata</span> <span class='ocrx_word' id='word_1_165' title='bbox 920 2041 1050 2096; x_wconf 90' lang='lat' dir='ltr'>calliditas</span> 
     </span>
     <span class='ocr_line' id='line_1_26' title="bbox 245 2107 1051 2190; baseline 0 -28"><span class='ocrx_word' id='word_1_166' title='bbox 245 2107 408 2176; x_wconf 86' lang='lat' dir='ltr'>excludatur,</span> <span class='ocrx_word' id='word_1_167' title='bbox 427 2113 457 2162; x_wconf 91' lang='lat' dir='ltr'>ut</span> <span class='ocrx_word' id='word_1_168' title='bbox 469 2109 554 2164; x_wconf 89' lang='lat' dir='ltr'>modis</span> <span class='ocrx_word' id='word_1_169' title='bbox 572 2109 702 2176; x_wconf 89' lang='lat' dir='ltr'>omnibus,</span> <span class='ocrx_word' id='word_1_170' title='bbox 722 2123 789 2178; x_wconf 89' lang='lat' dir='ltr'>quae</span> <span class='ocrx_word' id='word_1_171' title='bbox 802 2123 851 2190; x_wconf 84' lang='lat' dir='ltr'>pro</span> <span class='ocrx_word' id='word_1_172' title='bbox 869 2109 1051 2164; x_wconf 83' lang='lat' dir='ltr'>universarum</span> 
     </span>
     <span class='ocr_line' id='line_1_27' title="bbox 243 2177 1050 2246; baseline -0.002 -16"><span class='ocrx_word' id='word_1_173' title='bbox 243 2177 437 2246; x_wconf 83' lang='lat' dir='ltr'>provinciarum</span> <span class='ocrx_word' id='word_1_174' title='bbox 464 2177 549 2232; x_wconf 88' lang='lat' dir='ltr'>salute</span> <span class='ocrx_word' id='word_1_175' title='bbox 575 2179 717 2244; x_wconf 87' lang='lat' dir='ltr'>sancimus,</span> <span class='ocrx_word' id='word_1_176' title='bbox 748 2183 894 2232; x_wconf 79' lang='lat' dir='ltr'>sortiantur</span> <span class='ocrx_word' id='word_1_177' title='bbox 920 2177 1050 2232; x_wconf 84' lang='lat' dir='ltr'>effectum.</span> 
     </span>
     <span class='ocr_line' id='line_1_28' title="bbox 245 2243 1051 2318; baseline 0.001 -20"><span class='ocrx_word' id='word_1_178' title='bbox 245 2253 259 2298; x_wconf 83' lang='lat'><strong>3</strong></span> <span class='ocrx_word' id='word_1_179' title='bbox 296 2243 416 2312; x_wconf 73' lang='lat' dir='ltr'>Quodsi</span> <span class='ocrx_word' id='word_1_180' title='bbox 440 2245 498 2312; x_wconf 89' lang='lat' dir='ltr'>quis</span> <span class='ocrx_word' id='word_1_181' title='bbox 522 2249 669 2300; x_wconf 87' lang='lat' dir='ltr'>temeritate</span> <span class='ocrx_word' id='word_1_182' title='bbox 692 2247 829 2318; x_wconf 88' lang='lat' dir='ltr'>punienda</span> <span class='ocrx_word' id='word_1_183' title='bbox 849 2247 1051 2300; x_wconf 86' lang='lat' dir='ltr'>saluberrimam</span> 
     </span>
     <span class='ocr_line' id='line_1_29' title="bbox 244 2313 1050 2390; baseline -0.001 -24"><span class='ocrx_word' id='word_1_184' title='bbox 244 2315 327 2390; x_wconf 83' lang='lat' dir='ltr'>legem</span> <span class='ocrx_word' id='word_1_185' title='bbox 357 2315 624 2370; x_wconf 84' lang='lat' dir='ltr'>circumscribendam</span> <span class='ocrx_word' id='word_1_186' title='bbox 652 2315 693 2370; x_wconf 90' lang='lat' dir='ltr'>vel</span> <span class='ocrx_word' id='word_1_187' title='bbox 719 2313 869 2368; x_wconf 88' lang='lat' dir='ltr'>violandam</span> <span class='ocrx_word' id='word_1_188' title='bbox 902 2313 1050 2380; x_wconf 88' lang='lat' dir='ltr'>crediderit,</span> 
     </span>
     <span class='ocr_line' id='line_1_30' title="bbox 243 2381 1049 2450; baseline 0 -16"><span class='ocrx_word' id='word_1_189' title='bbox 243 2381 306 2434; x_wconf 87' lang='lat' dir='ltr'>hcet</span> <span class='ocrx_word' id='word_1_190' title='bbox 329 2387 356 2436; x_wconf 91' lang='lat' dir='ltr'>et</span> <span class='ocrx_word' id='word_1_191' title='bbox 377 2383 522 2438; x_wconf 89' lang='lat' dir='ltr'>maiestatis</span> <span class='ocrx_word' id='word_1_192' title='bbox 545 2399 608 2440; x_wconf 91' lang='lat' dir='ltr'>reus</span> <span class='ocrx_word' id='word_1_193' title='bbox 632 2399 686 2438; x_wconf 90' lang='lat' dir='ltr'>non</span> <span class='ocrx_word' id='word_1_194' title='bbox 703 2383 833 2440; x_wconf 88' lang='lat' dir='ltr'>immerito</span> <span class='ocrx_word' id='word_1_195' title='bbox 851 2383 990 2450; x_wconf 89' lang='lat' dir='ltr'>iudicetur,</span> <span class='ocrx_word' id='word_1_196' title='bbox 1009 2387 1049 2436; x_wconf 89' lang='lat' dir='ltr'>at-</span> 
     </span>
     <span class='ocr_line' id='line_1_31' title="bbox 243 2451 1049 2574; baseline 0 -70"><span class='ocrx_word' id='word_1_197' title='bbox 243 2455 332 2504; x_wconf 87' lang='lat' dir='ltr'>tamen</span> <span class='ocrx_word' id='word_1_198' title='bbox 353 2451 542 2520; x_wconf 82' lang='lat' dir='ltr'>quinquaginta</span> <span class='ocrx_word' id='word_1_199' title='bbox 565 2451 693 2508; x_wconf 90' lang='lat' dir='ltr'>librarum</span> <span class='ocrx_word' id='word_1_200' title='bbox 719 2451 778 2506; x_wconf 89' lang='lat' dir='ltr'>auri</span> <span class='ocrx_word' id='word_1_201' title='bbox 801 2453 912 2506; x_wconf 88' lang='lat' dir='ltr'>multam</span> <span class='ocrx_word' id='word_1_202' title='bbox 934 2451 1049 2574; x_wconf 63' lang='lat' dir='ltr'>publicis</span> 
     </span>
     <span class='ocr_line' id='line_1_32' title="bbox 244 2517 1050 2588; baseline -0.002 -16"><span class='ocrx_word' id='word_1_203' title='bbox 244 2517 353 2574; x_wconf 90' lang='lat' dir='ltr'>calculis</span> <span class='ocrx_word' id='word_1_204' title='bbox 371 2519 470 2574; x_wconf 83' lang='lat' dir='ltr'>inferre</span> <span class='ocrx_word' id='word_1_205' title='bbox 488 2525 609 2588; x_wconf 85' lang='lat' dir='ltr'>cogetur:</span> <span class='ocrx_word' id='word_1_206' title='bbox 628 2521 706 2576; x_wconf 89' lang='lat' dir='ltr'>simili</span> <span class='ocrx_word' id='word_1_207' title='bbox 724 2535 811 2588; x_wconf 92' lang='lat' dir='ltr'>poena</span> <span class='ocrx_word' id='word_1_208' title='bbox 827 2521 932 2588; x_wconf 88' lang='lat' dir='ltr'>plecten</span> <span class='ocrx_word' id='word_1_209' title='bbox 953 2537 980 2588; x_wconf 92' lang='grc' dir='ltr'>ι,</span> <span class='ocrx_word' id='word_1_210' title='bbox 1006 2519 1050 2588; x_wconf 91' lang='lat' dir='ltr'>qui</span> 
     </span>
     <span class='ocr_line' id='line_1_33' title="bbox 243 2587 1050 2656; baseline 0 -14"><span class='ocrx_word' id='word_1_211' title='bbox 243 2595 305 2656; x_wconf 90' lang='lat' dir='ltr'>post</span> <span class='ocrx_word' id='word_1_212' title='bbox 327 2603 387 2642; x_wconf 91' lang='lat' dir='ltr'>eum</span> <span class='ocrx_word' id='word_1_213' title='bbox 410 2587 636 2642; x_wconf 89' lang='lat' dir='ltr'>administratione</span> <span class='ocrx_word' id='word_1_214' title='bbox 659 2593 784 2656; x_wconf 90' lang='lat' dir='ltr'>suscepta</span> <span class='ocrx_word' id='word_1_215' title='bbox 805 2589 910 2642; x_wconf 89' lang='lat' dir='ltr'>minime</span> <span class='ocrx_word' id='word_1_216' title='bbox 928 2603 987 2642; x_wconf 90' lang='lat' dir='ltr'>eum</span> <span class='ocrx_word' id='word_1_217' title='bbox 1007 2603 1050 2642; x_wconf 89' lang='grc' dir='ltr'>ιι-</span> 
     </span>
     <span class='ocr_line' id='line_1_34' title="bbox 244 2655 1049 2736; baseline 0 -28"><span class='ocrx_word' id='word_1_218' title='bbox 244 2655 340 2708; x_wconf 88' lang='lat' dir='ltr'>raverit</span> <span class='ocrx_word' id='word_1_219' title='bbox 357 2657 468 2710; x_wconf 90' lang='lat' dir='ltr'>boneste</span> <span class='ocrx_word' id='word_1_220' title='bbox 483 2657 652 2710; x_wconf 89' lang='lat' dir='ltr'>retinendum</span> <span class='ocrx_word' id='word_1_221' title='bbox 670 2663 717 2710; x_wconf 89' lang='lat' dir='ltr'>aut</span> <span class='ocrx_word' id='word_1_222' title='bbox 735 2671 816 2736; x_wconf 87' lang='lat' dir='ltr'>super</span> <span class='ocrx_word' id='word_1_223' title='bbox 833 2657 890 2710; x_wconf 90' lang='lat' dir='ltr'>eius</span> <span class='ocrx_word' id='word_1_224' title='bbox 908 2657 972 2726; x_wconf 84' lang='lat' dir='ltr'>fuga</span> <span class='ocrx_word' id='word_1_225' title='bbox 988 2671 1049 2726; x_wconf 91' lang='lat' dir='ltr'>pro-</span> 
     </span>
     <span class='ocr_line' id='line_1_35' title="bbox 244 2723 1049 2792; baseline 0.002 -16"><span class='ocrx_word' id='word_1_226' title='bbox 244 2725 306 2792; x_wconf 85' lang='lat' dir='ltr'>l(l)</span> <span class='ocrx_word' id='word_1_227' title='bbox 325 2723 580 2780; x_wconf 87' lang='lat' dir='ltr'>tinusreiereudum.</span> <span class='ocrx_word' id='word_1_228' title='bbox 599 2725 1049 2792; x_wconf 87' lang='lat' dir='ltr'>Administratrcnemantemdepo·</span> 
     </span>
     <span class='ocr_line' id='line_1_36' title="bbox 243 2791 1050 2860; baseline -0.002 -14"><span class='ocrx_word' id='word_1_229' title='bbox 243 2807 308 2852; x_wconf 72' lang='lat' dir='ltr'>nere¹</span> <span class='ocrx_word' id='word_1_230' title='bbox 329 2807 382 2846; x_wconf 89' lang='lat' dir='ltr'>aon</span> <span class='ocrx_word' id='word_1_231' title='bbox 404 2791 525 2848; x_wconf 88' lang='lat' dir='ltr'>volumus</span> <span class='ocrx_word' id='word_1_232' title='bbox 548 2793 726 2858; x_wconf 87' lang='lat' dir='ltr'>decessorem,</span> <span class='ocrx_word' id='word_1_233' title='bbox 750 2797 893 2860; x_wconf 81' lang='lat' dir='ltr'>antequam</span> <span class='ocrx_word' id='word_1_234' title='bbox 911 2807 1050 2848; x_wconf 88' lang='lat' dir='ltr'>successor</span> 
     </span>
     <span class='ocr_line' id='line_1_37' title="bbox 243 2859 1049 2930; baseline -0.002 -16"><span class='ocrx_word' id='word_1_235' title='bbox 243 2861 277 2914; x_wconf 90' lang='lat' dir='ltr'>ad</span> <span class='ocrx_word' id='word_1_236' title='bbox 294 2861 446 2930; x_wconf 83' lang='lat' dir='ltr'>provinciae</span> <span class='ocrx_word' id='word_1_237' title='bbox 462 2859 528 2916; x_wconf 91' lang='lat' dir='ltr'>fines</span> <span class='ocrx_word' id='word_1_238' title='bbox 545 2861 705 2930; x_wconf 88' lang='lat' dir='ltr'>pervenerit,</span> <span class='ocrx_word' id='word_1_239' title='bbox 730 2861 794 2916; x_wconf 90' lang='lat' dir='ltr'>licet</span> <span class='ocrx_word' id='word_1_240' title='bbox 816 2861 911 2916; x_wconf 86' lang='lat' dir='ltr'>litteris</span> <span class='ocrx_word' id='word_1_241' title='bbox 937 2863 972 2916; x_wconf 87' lang='lat' dir='ltr'>ad</span> <span class='ocrx_word' id='word_1_242' title='bbox 989 2877 1049 2916; x_wconf 86' lang='lat' dir='ltr'>enm</span> 
     </span>
     <span class='ocr_line' id='line_1_38' title="bbox 242 2929 1048 2998; baseline -0.002 -14"><span class='ocrx_word' id='word_1_243' title='bbox 242 2945 289 2984; x_wconf 90' lang='lat' dir='ltr'>sen</span> <span class='ocrx_word' id='word_1_244' title='bbox 311 2933 505 2998; x_wconf 82' lang='lat' dir='ltr'>programmate</span> <span class='ocrx_word' id='word_1_245' title='bbox 526 2929 567 2984; x_wconf 90' lang='lat' dir='ltr'>vel</span> <span class='ocrx_word' id='word_1_246' title='bbox 590 2929 676 2984; x_wconf 88' lang='lat' dir='ltr'>edicto</span> <span class='ocrx_word' id='word_1_247' title='bbox 700 2929 735 2984; x_wconf 94' lang='lat' dir='ltr'>ad</span> <span class='ocrx_word' id='word_1_248' title='bbox 758 2929 876 2984; x_wconf 85' lang='lat' dir='ltr'>officium</span> <span class='ocrx_word' id='word_1_249' title='bbox 899 2935 925 2984; x_wconf 91' lang='lat' dir='ltr'>et</span> <span class='ocrx_word' id='word_1_250' title='bbox 941 2929 1048 2998; x_wconf 86' lang='lat' dir='ltr'>provin-</span> 
     </span>
     <span class='ocr_line' id='line_1_39' title="bbox 243 2997 1047 3068; baseline 0 -18"><span class='ocrx_word' id='word_1_251' title='bbox 243 2999 312 3064; x_wconf 74' lang='lat' dir='ltr'>bii)</span> <span class='ocrx_word' id='word_1_252' title='bbox 347 2999 427 3052; x_wconf 92' lang='lat' dir='ltr'>ciales</span> <span class='ocrx_word' id='word_1_253' title='bbox 449 3013 514 3050; x_wconf 90' lang='lat' dir='ltr'>usus</span> <span class='ocrx_word' id='word_1_254' title='bbox 536 2997 625 3052; x_wconf 86' lang='lat' dir='ltr'>fuerit.</span> <span class='ocrx_word' id='word_1_255' title='bbox 660 2999 722 3068; x_wconf 89' lang='lat' dir='ltr'>Ipse</span> <span class='ocrx_word' id='word_1_256' title='bbox 740 3003 834 3062; x_wconf 86' lang='lat' dir='ltr'>antem,</span> <span class='ocrx_word' id='word_1_257' title='bbox 860 2999 905 3068; x_wconf 91' lang='lat' dir='ltr'>qui</span> <span class='ocrx_word' id='word_1_258' title='bbox 923 3013 1047 3066; x_wconf 89' lang='lat' dir='ltr'>praescn-</span> 
     </span>
     <span class='ocr_line' id='line_1_40' title="bbox 242 3065 1048 3134; baseline 0.002 -16"><span class='ocrx_word' id='word_1_259' title='bbox 242 3071 294 3118; x_wconf 91' lang='lat' dir='ltr'>tem</span> <span class='ocrx_word' id='word_1_260' title='bbox 318 3065 420 3134; x_wconf 82' lang='lat' dir='ltr'>firgieus</span> <span class='ocrx_word' id='word_1_261' title='bbox 443 3079 497 3118; x_wconf 89' lang='lat' dir='ltr'>non</span> <span class='ocrx_word' id='word_1_262' title='bbox 521 3065 699 3122; x_wconf 84' lang='lat' dir='ltr'>observaverit</span> <span class='ocrx_word' id='word_1_263' title='bbox 716 3069 808 3134; x_wconf 84' lang='lat' dir='ltr'>legem,</span> <span class='ocrx_word' id='word_1_264' title='bbox 830 3065 990 3134; x_wconf 89' lang='lat' dir='ltr'>ubicumque</span> <span class='ocrx_word' id='word_1_265' title='bbox 1007 3081 1048 3120; x_wconf 91' lang='lat' dir='ltr'>re·</span> 
     </span>
     <span class='ocr_line' id='line_1_41' title="bbox 242 3133 1049 3202; baseline 0 -14"><span class='ocrx_word' id='word_1_266' title='bbox 242 3139 333 3202; x_wconf 88' lang='lat' dir='ltr'>pertas</span> <span class='ocrx_word' id='word_1_267' title='bbox 355 3133 449 3198; x_wconf 79' lang='lat' dir='ltr'>foedi,</span> <span class='ocrx_word' id='word_1_268' title='bbox 473 3133 535 3188; x_wconf 88' lang='lat' dir='ltr'>licet</span> <span class='ocrx_word' id='word_1_269' title='bbox 557 3135 585 3188; x_wconf 91' lang='lat' dir='ltr'>in</span> <span class='ocrx_word' id='word_1_270' title='bbox 602 3137 653 3188; x_wconf 92' lang='lat' dir='ltr'>hac</span> <span class='ocrx_word' id='word_1_271' title='bbox 669 3135 858 3188; x_wconf 88' lang='lat' dir='ltr'>florentissima</span> <span class='ocrx_word' id='word_1_272' title='bbox 877 3135 990 3200; x_wconf 86' lang='lat' dir='ltr'>civitate,</span> <span class='ocrx_word' id='word_1_273' title='bbox 1015 3133 1049 3188; x_wconf 89' lang='lat' dir='ltr'>ad</span> 
     </span>
     <span class='ocr_line' id='line_1_42' title="bbox 242 3201 1049 3272; baseline 0 -18"><span class='ocrx_word' id='word_1_274' title='bbox 242 3203 405 3272; x_wconf 89' lang='lat' dir='ltr'>provinciam</span> <span class='ocrx_word' id='word_1_275' title='bbox 426 3201 483 3258; x_wconf 89' lang='lat' dir='ltr'>sine</span> <span class='ocrx_word' id='word_1_276' title='bbox 506 3203 561 3256; x_wconf 91' lang='lat' dir='ltr'>ullo</span> <span class='ocrx_word' id='word_1_277' title='bbox 578 3205 684 3272; x_wconf 91' lang='lat' dir='ltr'>penitus</span> <span class='ocrx_word' id='word_1_278' title='bbox 704 3203 843 3258; x_wconf 88' lang='lat' dir='ltr'>obstaculo</span> <span class='ocrx_word' id='word_1_279' title='bbox 861 3203 1049 3272; x_wconf 87' lang='lat' dir='ltr'>praeceptione</span> 
     </span>
     <span class='ocr_line' id='line_1_43' title="bbox 242 3269 1048 3340; baseline 0.002 -18"><span class='ocrx_word' id='word_1_280' title='bbox 242 3271 282 3324; x_wconf 88' lang='grc' dir='ltr'>ιιι</span> <span class='ocrx_word' id='word_1_281' title='bbox 299 3269 435 3338; x_wconf 89' lang='lat' dir='ltr'>culminis,</span> <span class='ocrx_word' id='word_1_282' title='bbox 457 3285 521 3324; x_wconf 88' lang='lat' dir='ltr'>cura</span> <span class='ocrx_word' id='word_1_283' title='bbox 539 3271 619 3326; x_wconf 89' lang='lat' dir='ltr'>etiam</span> <span class='ocrx_word' id='word_1_284' title='bbox 636 3273 685 3326; x_wconf 89' lang='lat' dir='ltr'>viri</span> <span class='ocrx_word' id='word_1_285' title='bbox 702 3271 842 3326; x_wconf 87' lang='lat' dir='ltr'>clarissimi</span> <span class='ocrx_word' id='word_1_286' title='bbox 859 3271 969 3326; x_wconf 89' lang='lat' dir='ltr'>rectoris</span> <span class='ocrx_word' id='word_1_287' title='bbox 987 3287 1048 3340; x_wconf 90' lang='lat' dir='ltr'>pro-</span> 
     </span>
     <span class='ocr_line' id='line_1_44' title="bbox 242 3339 1049 3408; baseline 0 -16"><span class='ocrx_word' id='word_1_288' title='bbox 242 3339 354 3404; x_wconf 91' lang='lat' dir='ltr'>vinciae,</span> <span class='ocrx_word' id='word_1_289' title='bbox 381 3339 409 3392; x_wconf 92' lang='lat' dir='ltr'>in</span> <span class='ocrx_word' id='word_1_290' title='bbox 427 3353 479 3408; x_wconf 87' lang='lat' dir='ltr'>qua</span> <span class='ocrx_word' id='word_1_291' title='bbox 497 3345 617 3408; x_wconf 88' lang='lat' dir='ltr'>repertus</span> <span class='ocrx_word' id='word_1_292' title='bbox 640 3341 733 3404; x_wconf 83' lang='lat' dir='ltr'>luerit,</span> <span class='ocrx_word' id='word_1_293' title='bbox 761 3339 914 3404; x_wconf 90' lang='lat' dir='ltr'>deducetur,</span> <span class='ocrx_word' id='word_1_294' title='bbox 937 3353 986 3408; x_wconf 89' lang='lat' dir='ltr'>per</span> <span class='ocrx_word' id='word_1_295' title='bbox 1003 3353 1049 3392; x_wconf 89' lang='lat' dir='ltr'>sex</span> 
     </span>
     <span class='ocr_line' id='line_1_45' title="bbox 242 3407 1047 3476; baseline -0.002 -16"><span class='ocrx_word' id='word_1_296' title='bbox 242 3423 380 3462; x_wconf 89' lang='lat' dir='ltr'>mensuum</span> <span class='ocrx_word' id='word_1_297' title='bbox 403 3407 537 3462; x_wconf 89' lang='lat' dir='ltr'>curricula</span> <span class='ocrx_word' id='word_1_298' title='bbox 554 3407 652 3464; x_wconf 86' lang='lat' dir='ltr'>ibidem</span> <span class='ocrx_word' id='word_1_299' title='bbox 669 3413 836 3472; x_wconf 88' lang='lat' dir='ltr'>moraturus,</span> <span class='ocrx_word' id='word_1_300' title='bbox 860 3413 990 3476; x_wconf 91' lang='lat' dir='ltr'>quatenus</span> <span class='ocrx_word' id='word_1_301' title='bbox 1007 3409 1047 3460; x_wconf 90' lang='lat' dir='ltr'>in-</span> 
     </span>
     <span class='ocr_line' id='line_1_46' title="bbox 242 3475 1047 3532; baseline -0.002 -2"><span class='ocrx_word' id='word_1_302' title='bbox 242 3481 257 3530; x_wconf 81' lang='lat' dir='ltr'>t</span> <span class='ocrx_word' id='word_1_303' title='bbox 282 3481 355 3530; x_wconf 88' lang='lat' dir='ltr'>terea</span> <span class='ocrx_word' id='word_1_304' title='bbox 372 3475 477 3530; x_wconf 89' lang='lat' dir='ltr'>minime</span> <span class='ocrx_word' id='word_1_305' title='bbox 495 3477 604 3530; x_wconf 69' lang='lat' dir='ltr'>camina</span> <span class='ocrx_word' id='word_1_306' title='bbox 636 3479 768 3532; x_wconf 88' lang='lat' dir='ltr'>ossintvel</span> <span class='ocrx_word' id='word_1_307' title='bbox 782 3477 855 3530; x_wconf 88' lang='lat' dir='ltr'>furta</span> <span class='ocrx_word' id='word_1_308' title='bbox 869 3475 957 3530; x_wconf 89' lang='lat' dir='ltr'>celari.</span> <span class='ocrx_word' id='word_1_309' title='bbox 981 3475 1047 3530; x_wconf 84' lang='lat' dir='ltr'>Oili-</span> 
     </span>
     <span class='ocr_line' id='line_1_47' title="bbox 242 3495 1047 3614; baseline 0 -18"><span class='ocrx_word' id='word_1_310' title='bbox 242 3543 311 3598; x_wconf 89' lang='lat' dir='ltr'>cium</span> <span class='ocrx_word' id='word_1_311' title='bbox 329 3545 414 3610; x_wconf 91' lang='lat' dir='ltr'>etiam,</span> <span class='ocrx_word' id='word_1_312' title='bbox 433 3543 503 3612; x_wconf 90' lang='lat' dir='ltr'>quod</span> <span class='ocrx_word' id='word_1_313' title='bbox 522 3559 581 3600; x_wconf 91' lang='lat' dir='ltr'>eum</span> <span class='ocrx_word' id='word_1_314' title='bbox 599 3495 699 3614; x_wconf 59' lang='lat' dir='ltr'>(debito</span> <span class='ocrx_word' id='word_1_315' title='bbox 713 3551 803 3600; x_wconf 88' lang='lat' dir='ltr'>tamen</span> <span class='ocrx_word' id='word_1_316' title='bbox 816 3545 918 3600; x_wconf 90' lang='lat' dir='ltr'>honore</span> <span class='ocrx_word' id='word_1_317' title='bbox 932 3545 1047 3608; x_wconf 88' lang='lat' dir='ltr'>servate)</span> 
     </span>
     <span class='ocr_line' id='line_1_48' title="bbox 242 3611 1047 3680; baseline -0.002 -14"><span class='ocrx_word' id='word_1_318' title='bbox 242 3629 295 3666; x_wconf 90' lang='lat' dir='ltr'>nou</span> <span class='ocrx_word' id='word_1_319' title='bbox 312 3611 478 3680; x_wconf 87' lang='lat' dir='ltr'>prohibuerit</span> <span class='ocrx_word' id='word_1_320' title='bbox 495 3617 588 3666; x_wconf 91' lang='lat' dir='ltr'>contra</span> <span class='ocrx_word' id='word_1_321' title='bbox 605 3613 670 3680; x_wconf 78' lang='lat' dir='ltr'>legis</span> <span class='ocrx_word' id='word_1_322' title='bbox 692 3617 811 3668; x_wconf 87' lang='lat' dir='ltr'>tenorem</span> <span class='ocrx_word' id='word_1_323' title='bbox 830 3611 976 3680; x_wconf 87' lang='lat' dir='ltr'>discedere,</span> <span class='ocrx_word' id='word_1_324' title='bbox 1000 3611 1047 3664; x_wconf 86' lang='lat' dir='ltr'>tri-</span> 
     </span>
     <span class='ocr_line' id='line_1_49' title="bbox 241 3679 1047 3750; baseline -0.002 -16"><span class='ocrx_word' id='word_1_325' title='bbox 241 3683 302 3748; x_wconf 86' lang='lat' dir='ltr'>t(3)</span> <span class='ocrx_word' id='word_1_326' title='bbox 326 3679 399 3750; x_wconf 82' lang='lat' dir='ltr'>ginta</span> <span class='ocrx_word' id='word_1_327' title='bbox 412 3679 539 3734; x_wconf 90' lang='lat' dir='ltr'>librarum</span> <span class='ocrx_word' id='word_1_328' title='bbox 556 3681 615 3734; x_wconf 78' lang='lat' dir='ltr'>artri</span> <span class='ocrx_word' id='word_1_329' title='bbox 631 3681 768 3750; x_wconf 89' lang='lat' dir='ltr'>dispendio</span> <span class='ocrx_word' id='word_1_330' title='bbox 785 3681 903 3736; x_wconf 87' lang='lat' dir='ltr'>ferietur.</span> <span class='ocrx_word' id='word_1_331' title='bbox 934 3679 1047 3746; x_wconf 76' lang='lat' dir='ltr'>Quodsi</span> 
     </span>
     <span class='ocr_line' id='line_1_50' title="bbox 240 3747 1047 3818; baseline -0.002 -16"><span class='ocrx_word' id='word_1_332' title='bbox 240 3749 311 3802; x_wconf 82' lang='lat' dir='ltr'>irrtra</span> <span class='ocrx_word' id='word_1_333' title='bbox 328 3747 517 3818; x_wconf 84' lang='lat' dir='ltr'>quinquaginta</span> <span class='ocrx_word' id='word_1_334' title='bbox 534 3747 635 3804; x_wconf 90' lang='lat' dir='ltr'>dierum</span> <span class='ocrx_word' id='word_1_335' title='bbox 653 3765 792 3806; x_wconf 89' lang='lat' dir='ltr'>nnmerum</span> <span class='ocrx_word' id='word_1_336' title='bbox 809 3749 890 3804; x_wconf 85' lang='lat' dir='ltr'>fuerit</span> <span class='ocrx_word' id='word_1_337' title='bbox 905 3749 974 3804; x_wconf 80' lang='lat' dir='ltr'>forte</span> <span class='ocrx_word' id='word_1_338' title='bbox 988 3749 1047 3818; x_wconf 91' lang='lat' dir='ltr'>pul·</span> 
     </span>
     <span class='ocr_line' id='line_1_51' title="bbox 241 3815 1047 3888; baseline -0.002 -16"><span class='ocrx_word' id='word_1_339' title='bbox 241 3823 315 3872; x_wconf 89' lang='lat' dir='ltr'>satus</span> <span class='ocrx_word' id='word_1_340' title='bbox 337 3821 364 3872; x_wconf 89' lang='lat' dir='ltr'>ei</span> <span class='ocrx_word' id='word_1_341' title='bbox 386 3815 508 3886; x_wconf 89' lang='lat' dir='ltr'>praefato</span> <span class='ocrx_word' id='word_1_342' title='bbox 533 3817 624 3888; x_wconf 89' lang='lat' dir='ltr'>elapso</span> <span class='ocrx_word' id='word_1_343' title='bbox 647 3821 765 3888; x_wconf 89' lang='lat' dir='ltr'>tempore</span> <span class='ocrx_word' id='word_1_344' title='bbox 788 3817 900 3872; x_wconf 88' lang='lat' dir='ltr'>necdum</span> <span class='ocrx_word' id='word_1_345' title='bbox 921 3815 1047 3870; x_wconf 88' lang='lat' dir='ltr'>finitatis</span> 
     </span>
     <span class='ocr_line' id='line_1_52' title="bbox 240 3885 1047 3954; baseline 0.002 -16"><span class='ocrx_word' id='word_1_346' title='bbox 240 3885 331 3952; x_wconf 86' lang='lat' dir='ltr'>inerit,</span> <span class='ocrx_word' id='word_1_347' title='bbox 365 3885 475 3938; x_wconf 90' lang='lat' dir='ltr'>civiliter</span> <span class='ocrx_word' id='word_1_348' title='bbox 500 3885 605 3954; x_wconf 88' lang='lat' dir='ltr'>quidem</span> <span class='ocrx_word' id='word_1_349' title='bbox 631 3901 712 3954; x_wconf 90' lang='lat' dir='ltr'>snper</span> <span class='ocrx_word' id='word_1_350' title='bbox 738 3885 870 3940; x_wconf 83' lang='lat' dir='ltr'>furtorum</span> <span class='ocrx_word' id='word_1_351' title='bbox 902 3885 1047 3940; x_wconf 88' lang='lat' dir='ltr'>sceleribus</span> 
     </span>
     <span class='ocr_line' id='line_1_53' title="bbox 240 3953 1046 4022; baseline 0.002 -16"><span class='ocrx_word' id='word_1_352' title='bbox 240 3953 360 4022; x_wconf 89' lang='lat' dir='ltr'>pulsatus</span> <span class='ocrx_word' id='word_1_353' title='bbox 387 3953 448 4008; x_wconf 91' lang='lat' dir='ltr'>dato</span> <span class='ocrx_word' id='word_1_354' title='bbox 474 3959 647 4022; x_wconf 90' lang='lat' dir='ltr'>procuratore</span> <span class='ocrx_word' id='word_1_355' title='bbox 670 3955 801 4010; x_wconf 89' lang='lat' dir='ltr'>instructo</span> <span class='ocrx_word' id='word_1_356' title='bbox 827 3959 889 4022; x_wconf 90' lang='lat' dir='ltr'>post</span> <span class='ocrx_word' id='word_1_357' title='bbox 917 3953 1046 4022; x_wconf 85' lang='lat' dir='ltr'>quinqua-</span> 
     </span>
     <span class='ocr_line' id='line_1_54' title="bbox 239 4021 1046 4090; baseline 0 -16"><span class='ocrx_word' id='word_1_358' title='bbox 239 4023 313 4090; x_wconf 81' lang='lat' dir='ltr'>ginta</span> <span class='ocrx_word' id='word_1_359' title='bbox 344 4021 399 4076; x_wconf 89' lang='lat' dir='ltr'>dies</span> <span class='ocrx_word' id='word_1_360' title='bbox 431 4021 552 4090; x_wconf 90' lang='lat' dir='ltr'>protinus</span> <span class='ocrx_word' id='word_1_361' title='bbox 584 4023 683 4076; x_wconf 90' lang='lat' dir='ltr'>habeat</span> <span class='ocrx_word' id='word_1_362' title='bbox 713 4023 849 4076; x_wconf 88' lang='lat' dir='ltr'>licentiam</span> <span class='ocrx_word' id='word_1_363' title='bbox 880 4021 1046 4076; x_wconf 88' lang='lat' dir='ltr'>discedendi:</span> 
     </span>
     <span class='ocr_line' id='line_1_55' title="bbox 240 4089 1046 4160; baseline 0.004 -18"><span class='ocrx_word' id='word_1_364' title='bbox 240 4091 409 4144; x_wconf 89' lang='lat' dir='ltr'>accusatione</span> <span class='ocrx_word' id='word_1_365' title='bbox 426 4103 487 4144; x_wconf 81' lang='lat' dir='ltr'>vero</span> <span class='ocrx_word' id='word_1_366' title='bbox 505 4105 586 4160; x_wconf 91' lang='lat' dir='ltr'>super</span> <span class='ocrx_word' id='word_1_367' title='bbox 604 4091 757 4146; x_wconf 89' lang='lat' dir='ltr'>criminibus</span> <span class='ocrx_word' id='word_1_368' title='bbox 778 4089 852 4144; x_wconf 89' lang='lat' dir='ltr'>iacta</span> <span class='ocrx_word' id='word_1_369' title='bbox 868 4095 916 4160; x_wconf 82' lang='lat' dir='ltr'>per</span> <span class='ocrx_word' id='word_1_370' title='bbox 933 4091 1046 4158; x_wconf 90' lang='lat' dir='ltr'>inscrip-</span> 
     </span>
     <span class='ocr_line' id='line_1_56' title="bbox 239 4157 1046 4228; baseline 0 -18"><span class='ocrx_word' id='word_1_371' title='bbox 239 4157 340 4216; x_wconf 90' lang='lat' dir='ltr'>tionum</span> <span class='ocrx_word' id='word_1_372' title='bbox 358 4157 465 4226; x_wconf 88' lang='lat' dir='ltr'>laqueos</span> <span class='ocrx_word' id='word_1_373' title='bbox 488 4157 612 4214; x_wconf 88' lang='lat' dir='ltr'>inretitus</span> <span class='ocrx_word' id='word_1_374' title='bbox 635 4175 720 4228; x_wconf 88' lang='lat' dir='ltr'>nsque</span> <span class='ocrx_word' id='word_1_375' title='bbox 737 4157 772 4212; x_wconf 88' lang='lat' dir='ltr'>ad</span> <span class='ocrx_word' id='word_1_376' title='bbox 789 4157 930 4212; x_wconf 88' lang='lat' dir='ltr'>terminum</span> <span class='ocrx_word' id='word_1_377' title='bbox 949 4173 1046 4214; x_wconf 88' lang='lat' dir='ltr'>causae</span> 
     </span>
     <span class='ocr_line' id='line_1_57' title="bbox 239 4225 1046 4298; baseline -0.001 -18"><span class='ocrx_word' id='word_1_378' title='bbox 239 4231 254 4280; x_wconf 85' lang='lat'>8</span> <span class='ocrx_word' id='word_1_379' title='bbox 274 4229 309 4294; x_wconf 86' lang='grc'>(4)</span> <span class='ocrx_word' id='word_1_380' title='bbox 344 4225 441 4280; x_wconf 88' lang='lat' dir='ltr'>ibidem</span> <span class='ocrx_word' id='word_1_381' title='bbox 464 4227 615 4282; x_wconf 84' lang='lat' dir='ltr'>necessario</span> <span class='ocrx_word' id='word_1_382' title='bbox 638 4227 804 4298; x_wconf 86' lang='lat' dir='ltr'>perdurabit.</span> <span class='ocrx_word' id='word_1_383' title='bbox 847 4227 937 4280; x_wconf 83' lang='lat' dir='ltr'>Sciant</span> <span class='ocrx_word' id='word_1_384' title='bbox 959 4233 1046 4280; x_wconf 89' lang='lat' dir='ltr'>autem</span> 
     </span>
     <span class='ocr_line' id='line_1_58' title="bbox 240 4293 1047 4376; baseline 0 -28"><span class='ocrx_word' id='word_1_385' title='bbox 240 4295 354 4350; x_wconf 89' lang='lat' dir='ltr'>universi</span> <span class='ocrx_word' id='word_1_386' title='bbox 371 4295 480 4358; x_wconf 74' lang='lat' dir='ltr'>iudices</span> <span class='ocrx_word' id='word_1_387' title='bbox 500 4295 572 4364; x_wconf 87' lang='lat' dir='ltr'>apud</span> <span class='ocrx_word' id='word_1_388' title='bbox 590 4313 656 4376; x_wconf 83' lang='lat' dir='ltr'>quos</span> <span class='ocrx_word' id='word_1_389' title='bbox 674 4295 714 4350; x_wconf 88' lang='lat' dir='ltr'>vel</span> <span class='ocrx_word' id='word_1_390' title='bbox 732 4293 968 4350; x_wconf 85' lang='lat' dir='ltr'>administrationis</span> <span class='ocrx_word' id='word_1_391' title='bbox 988 4295 1047 4348; x_wconf 91' lang='lat' dir='ltr'>iure</span> 
     </span>
     <span class='ocr_line' id='line_1_59' title="bbox 239 4361 1047 4432; baseline -0.002 -14"><span class='ocrx_word' id='word_1_392' title='bbox 239 4363 280 4418; x_wconf 84' lang='lat' dir='ltr'>sel</span> <span class='ocrx_word' id='word_1_393' title='bbox 303 4377 336 4418; x_wconf 84' lang='lat' dir='ltr'>ex</span> <span class='ocrx_word' id='word_1_394' title='bbox 359 4367 500 4432; x_wconf 89' lang='lat' dir='ltr'>praecepto</span> <span class='ocrx_word' id='word_1_395' title='bbox 522 4363 699 4430; x_wconf 77' lang='lat' dir='ltr'>amplissimae</span> <span class='ocrx_word' id='word_1_396' title='bbox 723 4369 786 4418; x_wconf 90' lang='lat' dir='ltr'>tuac</span> <span class='ocrx_word' id='word_1_397' title='bbox 808 4363 878 4418; x_wconf 89' lang='lat' dir='ltr'>sedis</span> <span class='ocrx_word' id='word_1_398' title='bbox 896 4361 1047 4418; x_wconf 88' lang='lat' dir='ltr'>huiusmodi</span> 
     </span>
     <span class='ocr_line' id='line_1_60' title="bbox 239 4431 1044 4500; baseline -0.001 -15"><span class='ocrx_word' id='word_1_399' title='bbox 239 4431 434 4486; x_wconf 78' lang='lat' dir='ltr'>controversiae</span> <span class='ocrx_word' id='word_1_400' title='bbox 465 4431 574 4484; x_wconf 81' lang='lat' dir='ltr'>civiliter</span> <span class='ocrx_word' id='word_1_401' title='bbox 605 4433 645 4486; x_wconf 85' lang='lat' dir='ltr'>rel</span> <span class='ocrx_word' id='word_1_402' title='bbox 679 4431 852 4484; x_wconf 89' lang='lat' dir='ltr'>criminaliter</span> <span class='ocrx_word' id='word_1_403' title='bbox 876 4433 1044 4500; x_wconf 88' lang='lat' dir='ltr'>ventilantur,</span> 
     </span>
     <span class='ocr_line' id='line_1_61' title="bbox 237 4497 1044 4568; baseline -0.001 -15"><span class='ocrx_word' id='word_1_404' title='bbox 237 4499 309 4554; x_wconf 91' lang='lat' dir='ltr'>intra</span> <span class='ocrx_word' id='word_1_405' title='bbox 325 4499 416 4566; x_wconf 78' lang='lat' dir='ltr'>viginti</span> <span class='ocrx_word' id='word_1_406' title='bbox 434 4497 535 4552; x_wconf 88' lang='lat' dir='ltr'>dierum</span> <span class='ocrx_word' id='word_1_407' title='bbox 553 4499 669 4568; x_wconf 85' lang='lat' dir='ltr'>spatium</span> <span class='ocrx_word' id='word_1_408' title='bbox 686 4499 783 4556; x_wconf 87' lang='lat' dir='ltr'>debere</span> <span class='ocrx_word' id='word_1_409' title='bbox 800 4515 830 4554; x_wconf 89' lang='lat' dir='ltr'>sc</span> <span class='ocrx_word' id='word_1_410' title='bbox 846 4499 974 4568; x_wconf 51' lang='lat' dir='ltr'>¹praefata</span> <span class='ocrx_word' id='word_1_411' title='bbox 991 4499 1044 4554; x_wconf 87' lang='lat' dir='ltr'>liti-</span> 
     </span>
     <span class='ocr_line' id='line_1_62' title="bbox 237 4567 1044 4636; baseline -0.001 -14"><span class='ocrx_word' id='word_1_412' title='bbox 237 4569 288 4634; x_wconf 78' lang='lat' dir='ltr'>gia,</span> <span class='ocrx_word' id='word_1_413' title='bbox 306 4573 447 4636; x_wconf 89' lang='lat' dir='ltr'>postquam</span> <span class='ocrx_word' id='word_1_414' title='bbox 464 4573 524 4622; x_wconf 91' lang='lat' dir='ltr'>orta</span> <span class='ocrx_word' id='word_1_415' title='bbox 540 4567 647 4634; x_wconf 83' lang='lat' dir='ltr'>suerint,</span> <span class='ocrx_word' id='word_1_416' title='bbox 666 4567 815 4622; x_wconf 86' lang='lat' dir='ltr'>terminare.</span> <span class='ocrx_word' id='word_1_417' title='bbox 842 4583 903 4622; x_wconf 90' lang='lat' dir='ltr'>nam</span> <span class='ocrx_word' id='word_1_418' title='bbox 920 4569 943 4622; x_wconf 92' lang='lat' dir='ltr'>si</span> <span class='ocrx_word' id='word_1_419' title='bbox 951 4583 1044 4636; x_wconf 88' lang='lat' dir='ltr'>snper-</span> 
     </span>
     <span class='ocr_line' id='line_1_63' title="bbox 238 4635 1043 4706; baseline 0 -18"><span class='ocrx_word' id='word_1_420' title='bbox 238 4635 362 4702; x_wconf 89' lang='lat' dir='ltr'>sederint,</span> <span class='ocrx_word' id='word_1_421' title='bbox 380 4637 452 4706; x_wconf 90' lang='lat' dir='ltr'>ipsos</span> <span class='ocrx_word' id='word_1_422' title='bbox 470 4635 574 4704; x_wconf 90' lang='lat' dir='ltr'>quidem</span> <span class='ocrx_word' id='word_1_423' title='bbox 593 4637 682 4690; x_wconf 90' lang='lat' dir='ltr'>decem</span> <span class='ocrx_word' id='word_1_424' title='bbox 699 4637 829 4692; x_wconf 88' lang='lat' dir='ltr'>librarum</span> <span class='ocrx_word' id='word_1_425' title='bbox 847 4637 905 4688; x_wconf 91' lang='lat' dir='ltr'>auri</span> <span class='ocrx_word' id='word_1_426' title='bbox 920 4637 1043 4690; x_wconf 85' lang='lat' dir='ltr'>condem·</span> 
     </span>
     <span class='ocr_line' id='line_1_64' title="bbox 238 4703 1044 4770; baseline 0 -14"><span class='ocrx_word' id='word_1_427' title='bbox 238 4703 370 4760; x_wconf 82' lang='lat' dir='ltr'>sadonem</span> <span class='ocrx_word' id='word_1_428' title='bbox 396 4703 486 4760; x_wconf 90' lang='lat' dir='ltr'>subire</span> <span class='ocrx_word' id='word_1_429' title='bbox 511 4719 663 4770; x_wconf 89' lang='lat' dir='ltr'>censemus,</span> <span class='ocrx_word' id='word_1_430' title='bbox 689 4703 888 4760; x_wconf 85' lang='lat' dir='ltr'>accusationem</span> <span class='ocrx_word' id='word_1_431' title='bbox 913 4721 975 4760; x_wconf 82' lang='lat' dir='ltr'>vero</span> <span class='ocrx_word' id='word_1_432' title='bbox 996 4717 1044 4760; x_wconf 91' lang='lat' dir='ltr'>seu</span> 
     </span>
     <span class='ocr_line' id='line_1_65' title="bbox 220 4771 1044 4828; baseline 0.001 -4"><span class='ocrx_word' id='word_1_433' title='bbox 220 4771 339 4826; x_wconf 51' lang='lat' dir='ltr'>¹civilem</span> <span class='ocrx_word' id='word_1_434' title='bbox 371 4771 544 4826; x_wconf 89' lang='lat' dir='ltr'>intentionem</span> <span class='ocrx_word' id='word_1_435' title='bbox 575 4775 658 4828; x_wconf 91' lang='lat' dir='ltr'>semel</span> <span class='ocrx_word' id='word_1_436' title='bbox 691 4773 720 4826; x_wconf 91' lang='lat' dir='ltr'>in</span> <span class='ocrx_word' id='word_1_437' title='bbox 749 4771 878 4826; x_wconf 88' lang='lat' dir='ltr'>iudicium</span> <span class='ocrx_word' id='word_1_438' title='bbox 903 4771 1044 4826; x_wconf 89' lang='lat' dir='ltr'>deductam</span> 
     </span>
     <span class='ocr_line' id='line_1_66' title="bbox 237 4839 1043 4910; baseline 0.002 -18"><span class='ocrx_word' id='word_1_439' title='bbox 237 4839 357 4908; x_wconf 88' lang='lat' dir='ltr'>praefato</span> <span class='ocrx_word' id='word_1_440' title='bbox 375 4841 452 4894; x_wconf 92' lang='lat' dir='ltr'>modo</span> <span class='ocrx_word' id='word_1_441' title='bbox 470 4841 583 4910; x_wconf 77' lang='lat' dir='ltr'>legitime</span> <span class='ocrx_word' id='word_1_442' title='bbox 601 4839 744 4896; x_wconf 88' lang='lat' dir='ltr'>terminari.</span> <span class='ocrx_word' id='word_1_443' title='bbox 758 4849 759 4852; x_wconf 74' lang='grc'>’</span> <span class='ocrx_word' id='word_1_444' title='bbox 779 4839 813 4894; x_wconf 84' lang='lat' dir='ltr'>D.</span> <span class='ocrx_word' id='word_1_445' title='bbox 830 4839 894 4894; x_wconf 87' lang='lat' dir='ltr'>vicl.</span> <span class='ocrx_word' id='word_1_446' title='bbox 908 4839 963 4896; x_wconf 85' lang='lat' dir='ltr'>Oct.</span> <span class='ocrx_word' id='word_1_447' title='bbox 976 4839 1043 4896; x_wconf 84' lang='lat' dir='ltr'>Ocn-</span> 
     </span>
     <span class='ocr_line' id='line_1_67' title="bbox 236 4907 1042 4980; baseline 0 -18"><span class='ocrx_word' id='word_1_448' title='bbox 236 4907 416 4980; x_wconf 84' lang='lat' dir='ltr'>stantinopoli</span> <span class='ocrx_word' id='word_1_449' title='bbox 434 4907 541 4964; x_wconf 82' lang='lat' dir='ltr'>Zenone</span> <span class='ocrx_word' id='word_1_450' title='bbox 557 4909 588 4964; x_wconf 94' lang='lat' dir='ltr'>A.</span> <span class='ocrx_word' id='word_1_451' title='bbox 608 4923 636 4964; x_wconf 84' lang='grc' dir='ltr'>ιι</span> <span class='ocrx_word' id='word_1_452' title='bbox 650 4925 724 4964; x_wconf 87' lang='lat' dir='ltr'>cons.</span> <span class='ocrx_word' id='word_1_453' title='bbox 924 4907 962 4980; x_wconf 89' lang='lat' dir='ltr'>[a.</span> <span class='ocrx_word' id='word_1_454' title='bbox 980 4907 1042 4976; x_wconf 76' lang='grc'><strong>479]</strong></span> 
     </span>
    </p>
   </div>
   <div class='ocr_carea' id='block_1_4' title="bbox 614 5047 663 5110">
    <p class='ocr_par' dir='ltr' id='par_1_4' title="bbox 614 5047 663 5110">
     <span class='ocr_line' id='line_1_68' title="bbox 614 5047 663 5110; baseline 0 -28"><span class='ocrx_word' id='word_1_455' title='bbox 614 5047 663 5110; x_wconf 46' lang='lat' dir='ltr'>L?</span> 
     </span>
    </p>
   </div>
   <div class='ocr_carea' id='block_1_5' title="bbox 299 5145 976 5270">
    <p class='ocr_par' dir='ltr' id='par_1_5' title="bbox 299 5145 976 5270">
     <span class='ocr_line' id='line_1_69' title="bbox 299 5145 976 5208; baseline 0.003 -10"><span class='ocrx_word' id='word_1_456' title='bbox 299 5147 345 5198; x_wconf 90' lang='lat' dir='ltr'>DE</span> <span class='ocrx_word' id='word_1_457' title='bbox 364 5145 499 5198; x_wconf 78' lang='lat' dir='ltr'>orricio</span> <span class='ocrx_word' id='word_1_458' title='bbox 516 5147 595 5200; x_wconf 80' lang='lat' dir='ltr'>EIUS</span> <span class='ocrx_word' id='word_1_459' title='bbox 613 5149 673 5208; x_wconf 77' lang='lat' dir='ltr'>QUI</span> <span class='ocrx_word' id='word_1_460' title='bbox 689 5147 801 5202; x_wconf 77' lang='lat' dir='ltr'>VIOEM</span> <span class='ocrx_word' id='word_1_461' title='bbox 818 5147 976 5200; x_wconf 78' lang='lat' dir='ltr'>aniculus</span> 
     </span>
     <span class='ocr_line' id='line_1_70' title="bbox 485 5215 790 5270; baseline 0.02 -6"><span class='ocrx_word' id='word_1_462' title='bbox 485 5215 612 5268; x_wconf 81' lang='lat' dir='ltr'>lunrcls</span> <span class='ocrx_word' id='word_1_463' title='bbox 631 5219 790 5270; x_wconf 79' lang='lat' dir='ltr'>OBTINE&#39;I&#39;.</span> 
     </span>
    </p>
   </div>
   <div class='ocr_carea' id='block_1_6' title="bbox 236 5311 1043 5456">
    <p class='ocr_par' dir='ltr' id='par_1_6' title="bbox 236 5311 1043 5456">
     <span class='ocr_line' id='line_1_71' title="bbox 272 5311 1043 5396; baseline -0.003 -24"><span class='ocrx_word' id='word_1_464' title='bbox 272 5315 285 5372; x_wconf 90' lang='lat' dir='ltr'>l</span> <span class='ocrx_word' id='word_1_465' title='bbox 307 5315 376 5390; x_wconf 86' lang='lat' dir='ltr'>Imp.</span> <span class='ocrx_word' id='word_1_466' title='bbox 394 5311 549 5396; x_wconf 70' lang='lat' dir='ltr'>Gordianus</span> <span class='ocrx_word' id='word_1_467' title='bbox 560 5315 585 5370; x_wconf 90' lang='lat' dir='ltr'>A</span> <span class='ocrx_word' id='word_1_468' title='bbox 598 5315 718 5372; x_wconf 81' lang='lat' dir='ltr'>Bomitio</span> <span class='ocrx_word' id='word_1_469' title='bbox 731 5333 782 5396; x_wconf 88' lang='lat' dir='ltr'>pp.</span> <span class='ocrx_word' id='word_1_470' title='bbox 826 5315 858 5370; x_wconf 91' lang='lat' dir='ltr'>In</span> <span class='ocrx_word' id='word_1_471' title='bbox 875 5331 957 5372; x_wconf 87' lang='lat' dir='ltr'>causa</span> <span class='ocrx_word' id='word_1_472' title='bbox 974 5329 1043 5396; x_wconf 80' lang='lat' dir='ltr'>quae</span> 
     </span>
     <span class='ocr_line' id='line_1_72' title="bbox 236 5381 1043 5456; baseline -0.002 -16"><span class='ocrx_word' id='word_1_473' title='bbox 236 5389 339 5456; x_wconf 87' lang='lat' dir='ltr'>spectat</span> <span class='ocrx_word' id='word_1_474' title='bbox 366 5385 401 5440; x_wconf 93' lang='lat' dir='ltr'>ad</span> <span class='ocrx_word' id='word_1_475' title='bbox 427 5381 566 5438; x_wconf 80' lang='lat' dir='ltr'>ubhtatem</span> <span class='ocrx_word' id='word_1_476' title='bbox 593 5385 632 5438; x_wconf 91' lang='lat' dir='ltr'>rei</span> <span class='ocrx_word' id='word_1_477' title='bbox 666 5385 790 5456; x_wconf 88' lang='lat' dir='ltr'>pubbcae</span> <span class='ocrx_word' id='word_1_478' title='bbox 821 5399 882 5438; x_wconf 89' lang='lat' dir='ltr'>eum</span> <span class='ocrx_word' id='word_1_479' title='bbox 913 5385 958 5452; x_wconf 91' lang='lat' dir='ltr'>qui</span> <span class='ocrx_word' id='word_1_480' title='bbox 986 5399 1043 5438; x_wconf 81' lang='lat' dir='ltr'>vnce</span> 
     </span>
    </p>
   </div>
   <div class='ocr_carea' id='block_1_7' title="bbox 233 5555 1040 5896">
    <p class='ocr_par' dir='ltr' id='par_1_7' title="bbox 233 5555 1040 5896">
     <span class='ocr_line' id='line_1_73' title="bbox 236 5555 1040 5624; baseline 0.001 -15"><span class='ocrx_word' id='word_1_481' title='bbox 236 5561 265 5622; x_wconf 82' lang='lat' dir='ltr'>(t)</span> <span class='ocrx_word' id='word_1_482' title='bbox 283 5557 464 5622; x_wconf 75' lang='lat' dir='ltr'>girbernarerai</span> <span class='ocrx_word' id='word_1_483' title='bbox 474 5557 532 5608; x_wconf 86' lang='lat' dir='ltr'>libri</span> <span class='ocrx_word' id='word_1_484' title='bbox 581 5555 615 5622; x_wconf 78' lang='lat' dir='ltr'>(t)</span> <span class='ocrx_word' id='word_1_485' title='bbox 632 5555 856 5620; x_wconf 58' lang='lat' dir='ltr'>medicinalem</span> <span class='ocrx_word' id='word_1_486' title='bbox 869 5557 913 5612; x_wconf 75' lang='grc' dir='ltr'>ΟΕ</span> <span class='ocrx_word' id='word_1_487' title='bbox 956 5555 1040 5624; x_wconf 65' lang='lat' dir='ltr'>(alos.</span> 
     </span>
     <span class='ocr_line' id='line_1_74' title="bbox 235 5623 1039 5694; baseline 0.001 -16"><span class='ocrx_word' id='word_1_488' title='bbox 235 5627 294 5694; x_wconf 79' lang='lat' dir='ltr'>Dip.</span> <span class='ocrx_word' id='word_1_489' title='bbox 314 5639 330 5690; x_wconf 88' lang='lat'>1,</span> <span class='ocrx_word' id='word_1_490' title='bbox 349 5639 372 5678; x_wconf 87' lang='lat' dir='ltr'>m</span> <span class='ocrx_word' id='word_1_491' title='bbox 441 5627 473 5690; x_wconf 85' lang='lat' dir='ltr'>(s)</span> <span class='ocrx_word' id='word_1_492' title='bbox 490 5627 525 5678; x_wconf 81' lang='lat' dir='ltr'>sic</span> <span class='ocrx_word' id='word_1_493' title='bbox 542 5625 613 5688; x_wconf 80' lang='lat' dir='ltr'>Hal,</span> <span class='ocrx_word' id='word_1_494' title='bbox 629 5623 704 5674; x_wconf 82' lang='lat' dir='ltr'>Febr.</span> <span class='ocrx_word' id='word_1_495' title='bbox 722 5625 786 5678; x_wconf 81' lang='lat' dir='ltr'>alias</span> <span class='ocrx_word' id='word_1_496' title='bbox 845 5629 876 5690; x_wconf 78' lang='lat' dir='ltr'>(a)</span> <span class='ocrx_word' id='word_1_497' title='bbox 896 5627 922 5678; x_wconf 89' lang='grc' dir='ltr'><em>Β</em></span> <span class='ocrx_word' id='word_1_498' title='bbox 941 5627 964 5688; x_wconf 84' lang='grc'>6,</span> <span class='ocrx_word' id='word_1_499' title='bbox 980 5639 997 5690; x_wconf 86' lang='grc' dir='ltr'>ι,</span> <span class='ocrx_word' id='word_1_500' title='bbox 1013 5635 1039 5678; x_wconf 81' lang='lat' dir='ltr'>ta</span> 
     </span>
     <span class='ocr_line' id='line_1_75' title="bbox 235 5691 1039 5762; baseline 0 -18"><span class='ocrx_word' id='word_1_501' title='bbox 235 5713 300 5762; x_wconf 83' lang='lat' dir='ltr'>seqq.</span> <span class='ocrx_word' id='word_1_502' title='bbox 310 5723 340 5732; x_wconf 84' lang='lat'>·-·</span> <span class='ocrx_word' id='word_1_503' title='bbox 354 5697 391 5760; x_wconf 81' lang='lat' dir='ltr'>Cf.</span> <span class='ocrx_word' id='word_1_504' title='bbox 401 5695 462 5762; x_wconf 74' lang='lat' dir='ltr'>Dtp.</span> <span class='ocrx_word' id='word_1_505' title='bbox 471 5705 490 5756; x_wconf 92' lang='lat' dir='ltr'>l,</span> <span class='ocrx_word' id='word_1_506' title='bbox 501 5705 527 5744; x_wconf 73' lang='grc' dir='ltr'>ιι</span> <span class='ocrx_word' id='word_1_507' title='bbox 578 5693 612 5756; x_wconf 85' lang='grc' dir='ltr'>(ι)</span> <span class='ocrx_word' id='word_1_508' title='bbox 620 5691 741 5742; x_wconf 80' lang='lat' dir='ltr'>tiberiade</span> <span class='ocrx_word' id='word_1_509' title='bbox 816 5693 1039 5756; x_wconf 82' lang='lat' dir='ltr'>aquilinoMornns·</span> 
     </span>
     <span class='ocr_line' id='line_1_76' title="bbox 233 5759 1039 5828; baseline 0 -18"><span class='ocrx_word' id='word_1_510' title='bbox 233 5781 284 5826; x_wconf 85' lang='lat' dir='ltr'>sen,</span> <span class='ocrx_word' id='word_1_511' title='bbox 301 5761 396 5828; x_wconf 79' lang='lat' dir='ltr'>tyberio</span> <span class='ocrx_word' id='word_1_512' title='bbox 413 5765 438 5812; x_wconf 85' lang='lat' dir='ltr'>et</span> <span class='ocrx_word' id='word_1_513' title='bbox 454 5761 561 5810; x_wconf 87' lang='lat' dir='ltr'>maximo</span> <span class='ocrx_word' id='word_1_514' title='bbox 571 5763 645 5824; x_wconf 85' lang='lat' dir='ltr'>dedit,</span> <span class='ocrx_word' id='word_1_515' title='bbox 664 5759 750 5810; x_wconf 84' lang='lat' dir='ltr'>deinde</span> <span class='ocrx_word' id='word_1_516' title='bbox 760 5759 784 5808; x_wconf 85' lang='lat' dir='ltr'>in</span> <span class='ocrx_word' id='word_1_517' title='bbox 794 5761 922 5824; x_wconf 82' lang='lat' dir='ltr'>tyberiano</span> <span class='ocrx_word' id='word_1_518' title='bbox 932 5763 957 5810; x_wconf 90' lang='lat' dir='ltr'>et</span> <span class='ocrx_word' id='word_1_519' title='bbox 966 5761 1039 5810; x_wconf 89' lang='lat' dir='ltr'>dione</span> 
     </span>
     <span class='ocr_line' id='line_1_77' title="bbox 236 5829 1038 5896; baseline -0.002 -13"><span class='ocrx_word' id='word_1_520' title='bbox 236 5831 309 5894; x_wconf 63' lang='lat' dir='ltr'>(aa.</span> <span class='ocrx_word' id='word_1_521' title='bbox 320 5831 369 5894; x_wconf 76' lang='grc' dir='ltr'>ιιι)</span> <span class='ocrx_word' id='word_1_522' title='bbox 379 5831 467 5882; x_wconf 83' lang='lat' dir='ltr'>emend.</span> <span class='ocrx_word' id='word_1_523' title='bbox 478 5831 539 5882; x_wconf 83' lang='lat' dir='ltr'>Hal.</span> <span class='ocrx_word' id='word_1_524' title='bbox 574 5829 736 5896; x_wconf 76' lang='lat' dir='ltr'>(tltbeodoro</span> <span class='ocrx_word' id='word_1_525' title='bbox 746 5843 811 5876; x_wconf 87' lang='lat' dir='ltr'>cons.</span> <span class='ocrx_word' id='word_1_526' title='bbox 821 5831 915 5894; x_wconf 74' lang='lat' dir='ltr'>scrinei,</span> <span class='ocrx_word' id='word_1_527' title='bbox 938 5829 1038 5880; x_wconf 90' lang='lat' dir='ltr'>thecdo·</span> 
     </span>
    </p>
   </div>
   <div class='ocr_carea' id='block_1_8' title="bbox 1102 535 1914 2046">
    <p class='ocr_par' dir='ltr' id='par_1_8' title="bbox 1104 535 1914 1020">
     <span class='ocr_line' id='line_1_78' title="bbox 1105 535 1914 610; baseline 0.002 -18"><span class='ocrx_word' id='word_1_528' title='bbox 1105 539 1234 608; x_wconf 89' lang='lat' dir='ltr'>praesidis</span> <span class='ocrx_word' id='word_1_529' title='bbox 1252 535 1404 608; x_wconf 89' lang='lat' dir='ltr'>provinciae</span> <span class='ocrx_word' id='word_1_530' title='bbox 1422 539 1589 596; x_wconf 85' lang='lat' dir='ltr'>administrat</span> <span class='ocrx_word' id='word_1_531' title='bbox 1617 539 1735 610; x_wconf 87' lang='lat' dir='ltr'>potuisse</span> <span class='ocrx_word' id='word_1_532' title='bbox 1754 555 1914 610; x_wconf 79' lang='lat' dir='ltr'>cognoscere</span> 
     </span>
     <span class='ocr_line' id='line_1_79' title="bbox 1104 607 1912 690; baseline 0 -28"><span class='ocrx_word' id='word_1_533' title='bbox 1104 609 1132 662; x_wconf 93' lang='lat' dir='ltr'>in</span> <span class='ocrx_word' id='word_1_534' title='bbox 1159 607 1268 662; x_wconf 90' lang='lat' dir='ltr'>dubium</span> <span class='ocrx_word' id='word_1_535' title='bbox 1293 621 1348 660; x_wconf 90' lang='lat' dir='ltr'>non</span> <span class='ocrx_word' id='word_1_536' title='bbox 1374 607 1454 662; x_wconf 87' lang='lat' dir='ltr'>venit.</span> <span class='ocrx_word' id='word_1_537' title='bbox 1500 623 1564 662; x_wconf 88' lang='lat' dir='ltr'>sane</span> <span class='ocrx_word' id='word_1_538' title='bbox 1590 611 1614 662; x_wconf 90' lang='lat' dir='ltr'>si</span> <span class='ocrx_word' id='word_1_539' title='bbox 1638 611 1667 662; x_wconf 92' lang='lat' dir='ltr'>in</span> <span class='ocrx_word' id='word_1_540' title='bbox 1689 609 1778 676; x_wconf 91' lang='lat' dir='ltr'>aliquo</span> <span class='ocrx_word' id='word_1_541' title='bbox 1804 613 1912 690; x_wconf 85' lang='lat' dir='ltr'>captum</span> 
     </span>
     <span class='ocr_line' id='line_1_80' title="bbox 1105 671 1912 752; baseline -0.001 -22"><span class='ocrx_word' id='word_1_542' title='bbox 1105 677 1204 730; x_wconf 84' lang='lat' dir='ltr'>estius</span> <span class='ocrx_word' id='word_1_543' title='bbox 1227 671 1420 752; x_wconf 82' lang='lat' dir='ltr'>reipublicae,</span> <span class='ocrx_word' id='word_1_544' title='bbox 1443 675 1518 728; x_wconf 88' lang='lat' dir='ltr'>iuxta</span> <span class='ocrx_word' id='word_1_545' title='bbox 1543 677 1610 732; x_wconf 90' lang='lat' dir='ltr'>scita</span> <span class='ocrx_word' id='word_1_546' title='bbox 1628 677 1746 732; x_wconf 90' lang='lat' dir='ltr'>divorum</span> <span class='ocrx_word' id='word_1_547' title='bbox 1763 677 1912 746; x_wconf 76' lang='lat' dir='ltr'>principum</span> 
     </span>
     <span class='ocr_line' id='line_1_81' title="bbox 1105 743 1912 812; baseline 0 -14"><span class='ocrx_word' id='word_1_548' title='bbox 1105 743 1257 800; x_wconf 89' lang='lat' dir='ltr'>defensores</span> <span class='ocrx_word' id='word_1_549' title='bbox 1286 757 1327 796; x_wconf 84' lang='grc' dir='ltr'>ιιι</span> <span class='ocrx_word' id='word_1_550' title='bbox 1357 743 1481 812; x_wconf 89' lang='lat' dir='ltr'>publicae</span> <span class='ocrx_word' id='word_1_551' title='bbox 1508 743 1539 808; x_wconf 89' lang='lat' dir='ltr'>(si</span> <span class='ocrx_word' id='word_1_552' title='bbox 1566 745 1644 800; x_wconf 91' lang='lat' dir='ltr'>modo</span> <span class='ocrx_word' id='word_1_553' title='bbox 1670 745 1763 800; x_wconf 89' lang='lat' dir='ltr'>adesse</span> <span class='ocrx_word' id='word_1_554' title='bbox 1788 745 1912 800; x_wconf 83' lang='lat' dir='ltr'>fiduciam</span> 
     </span>
     <span class='ocr_line' id='line_1_82' title="bbox 1104 811 1911 884; baseline 0 -18"><span class='ocrx_word' id='word_1_555' title='bbox 1104 813 1209 880; x_wconf 81' lang='lat' dir='ltr'>negotio</span> <span class='ocrx_word' id='word_1_556' title='bbox 1246 815 1332 876; x_wconf 84' lang='lat' dir='ltr'>uiant)</span> <span class='ocrx_word' id='word_1_557' title='bbox 1355 811 1532 866; x_wconf 90' lang='lat' dir='ltr'>restitutionis</span> <span class='ocrx_word' id='word_1_558' title='bbox 1556 813 1684 866; x_wconf 85' lang='grc' dir='ltr'>ιιιιιιιιι</span> <span class='ocrx_word' id='word_1_559' title='bbox 1706 819 1818 884; x_wconf 91' lang='lat' dir='ltr'>possunt</span> <span class='ocrx_word' id='word_1_560' title='bbox 1835 813 1911 880; x_wconf 81' lang='lat' dir='ltr'>flagi-</span> 
     </span>
     <span class='ocr_line' id='line_1_83' title="bbox 1104 879 1912 938; baseline 0.002 -6"><span class='ocrx_word' id='word_1_561' title='bbox 1104 885 1170 936; x_wconf 88' lang='lat' dir='ltr'>tare.</span> <span class='ocrx_word' id='word_1_562' title='bbox 1241 923 1246 934; x_wconf 89' lang='lat'>.</span> <span class='ocrx_word' id='word_1_563' title='bbox 1274 893 1315 936; x_wconf 83' lang='grc' dir='ltr'>ιιι</span> <span class='ocrx_word' id='word_1_564' title='bbox 1345 895 1407 932; x_wconf 92' lang='lat' dir='ltr'>non.</span> <span class='ocrx_word' id='word_1_565' title='bbox 1436 879 1521 936; x_wconf 54' lang='lat' dir='ltr'>Nou!</span> <span class='ocrx_word' id='word_1_566' title='bbox 1551 881 1653 936; x_wconf 85' lang='lat' dir='ltr'>Sabino</span> <span class='ocrx_word' id='word_1_567' title='bbox 1682 897 1709 936; x_wconf 92' lang='grc' dir='ltr'>ιι</span> <span class='ocrx_word' id='word_1_568' title='bbox 1736 887 1764 938; x_wconf 84' lang='grc' dir='ltr'>ιι</span> <span class='ocrx_word' id='word_1_569' title='bbox 1795 881 1912 936; x_wconf 81' lang='lat' dir='ltr'>Venusto</span> 
     </span>
     <span class='ocr_line' id='line_1_84' title="bbox 1105 949 1911 1020; baseline 0 -18"><span class='ocrx_word' id='word_1_570' title='bbox 1105 965 1190 1002; x_wconf 88' lang='lat' dir='ltr'>conss.</span> <span class='ocrx_word' id='word_1_571' title='bbox 1795 951 1830 1020; x_wconf 91' lang='lat' dir='ltr'>[a.</span> <span class='ocrx_word' id='word_1_572' title='bbox 1851 949 1911 1018; x_wconf 79' lang='lat' dir='ltr'>rto]</span> 
     </span>
    </p>

    <p class='ocr_par' dir='ltr' id='par_1_9' title="bbox 1102 1013 1914 2046">
     <span class='ocr_line' id='line_1_85' title="bbox 1139 1013 1911 1088; baseline -0.003 -16"><span class='ocrx_word' id='word_1_573' title='bbox 1139 1013 1310 1072; x_wconf 76' lang='lat' dir='ltr'>2Mandata</span> <span class='ocrx_word' id='word_1_574' title='bbox 1332 1015 1368 1068; x_wconf 80' lang='grc' dir='ltr'>ιιι</span> <span class='ocrx_word' id='word_1_575' title='bbox 1383 1033 1414 1088; x_wconf 89' lang='lat' dir='ltr'>p.</span> <span class='ocrx_word' id='word_1_576' title='bbox 1441 1013 1585 1070; x_wconf 74' lang='lat' dir='ltr'>Theodosii</span> <span class='ocrx_word' id='word_1_577' title='bbox 1606 1023 1633 1070; x_wconf 90' lang='lat' dir='ltr'>et</span> <span class='ocrx_word' id='word_1_578' title='bbox 1656 1017 1839 1072; x_wconf 78' lang='lat' dir='ltr'>Valentiniani</span> <span class='ocrx_word' id='word_1_579' title='bbox 1856 1019 1911 1072; x_wconf 87' lang='lat' dir='ltr'>AA.</span> 
     </span>
     <span class='ocr_line' id='line_1_86' title="bbox 1104 1031 1914 1208; baseline 0.005 -72"><span class='ocrx_word' id='word_1_580' title='bbox 1104 1085 1185 1162; x_wconf 82' lang='lat' dir='ltr'>missa</span> <span class='ocrx_word' id='word_1_581' title='bbox 1212 1085 1249 1136; x_wconf 84' lang='lat' dir='ltr'>acl</span> <span class='ocrx_word' id='word_1_582' title='bbox 1265 1031 1427 1138; x_wconf 50' lang='lat' dir='ltr'>Antiatium</span> <span class='ocrx_word' id='word_1_583' title='bbox 1443 1101 1494 1156; x_wconf 86' lang='lat' dir='ltr'>pp.</span> <span class='ocrx_word' id='word_1_584' title='bbox 1513 1103 1569 1156; x_wconf 86' lang='lat' dir='ltr'>per</span> <span class='ocrx_word' id='word_1_585' title='bbox 1585 1083 1816 1154; x_wconf 79' lang='lat' dir='ltr'>referendarium,</span> <span class='ocrx_word' id='word_1_586' title='bbox 1834 1103 1914 1208; x_wconf 63' lang='lat' dir='ltr'>punc</span> 
     </span>
     <span class='ocr_line' id='line_1_87' title="bbox 1103 1151 1912 1222; baseline 0.002 -16"><span class='ocrx_word' id='word_1_587' title='bbox 1103 1169 1143 1206; x_wconf 83' lang='grc' dir='ltr'>ιιι</span> <span class='ocrx_word' id='word_1_588' title='bbox 1166 1151 1278 1208; x_wconf 83' lang='lat' dir='ltr'>babent:</span> <span class='ocrx_word' id='word_1_589' title='bbox 1308 1151 1470 1220; x_wconf 82' lang='lat' dir='ltr'>Suggereute</span> <span class='ocrx_word' id='word_1_590' title='bbox 1497 1151 1693 1222; x_wconf 85' lang='lat' dir='ltr'>magnificentia</span> <span class='ocrx_word' id='word_1_591' title='bbox 1718 1159 1807 1208; x_wconf 85' lang='lat' dir='ltr'>vestra</span> <span class='ocrx_word' id='word_1_592' title='bbox 1853 1157 1912 1208; x_wconf 87' lang='lat' dir='ltr'>octa</span> 
     </span>
     <span class='ocr_line' id='line_1_88' title="bbox 1103 1221 1912 1344; baseline 0 -70"><span class='ocrx_word' id='word_1_593' title='bbox 1103 1221 1246 1288; x_wconf 89' lang='lat' dir='ltr'>imperialis</span> <span class='ocrx_word' id='word_1_594' title='bbox 1274 1223 1416 1276; x_wconf 89' lang='lat' dir='ltr'>aeternitas</span> <span class='ocrx_word' id='word_1_595' title='bbox 1444 1221 1541 1276; x_wconf 90' lang='lat' dir='ltr'>debere</span> <span class='ocrx_word' id='word_1_596' title='bbox 1568 1235 1626 1286; x_wconf 89' lang='lat' dir='ltr'>eos,</span> <span class='ocrx_word' id='word_1_597' title='bbox 1653 1223 1698 1290; x_wconf 93' lang='grc' dir='ltr'>ιιι</span> <span class='ocrx_word' id='word_1_598' title='bbox 1724 1223 1912 1344; x_wconf 76' lang='lat' dir='ltr'>praeceptione</span> 
     </span>
     <span class='ocr_line' id='line_1_89' title="bbox 1102 1289 1910 1358; baseline 0 -16"><span class='ocrx_word' id='word_1_599' title='bbox 1102 1289 1245 1358; x_wconf 89' lang='lat' dir='ltr'>principali</span> <span class='ocrx_word' id='word_1_600' title='bbox 1264 1305 1311 1344; x_wconf 92' lang='lat' dir='ltr'>seu</span> <span class='ocrx_word' id='word_1_601' title='bbox 1328 1295 1433 1342; x_wconf 84' lang='lat' dir='ltr'>restrae</span> <span class='ocrx_word' id='word_1_602' title='bbox 1454 1289 1525 1344; x_wconf 88' lang='lat' dir='ltr'>sedis</span> <span class='ocrx_word' id='word_1_603' title='bbox 1543 1289 1719 1358; x_wconf 89' lang='lat' dir='ltr'>amplissimae</span> <span class='ocrx_word' id='word_1_604' title='bbox 1738 1291 1807 1344; x_wconf 88' lang='lat' dir='ltr'>tueri</span> <span class='ocrx_word' id='word_1_605' title='bbox 1835 1307 1910 1346; x_wconf 87' lang='lat' dir='ltr'>ocum</span> 
     </span>
     <span class='ocr_line' id='line_1_90' title="bbox 1103 1355 1908 1426; baseline 0.002 -16"><span class='ocrx_word' id='word_1_606' title='bbox 1103 1363 1235 1412; x_wconf 89' lang='lat' dir='ltr'>rectorum</span> <span class='ocrx_word' id='word_1_607' title='bbox 1253 1355 1449 1426; x_wconf 87' lang='lat' dir='ltr'>provinciarum</span> <span class='ocrx_word' id='word_1_608' title='bbox 1476 1363 1632 1422; x_wconf 89' lang='lat' dir='ltr'>noscuntur,</span> <span class='ocrx_word' id='word_1_609' title='bbox 1657 1359 1843 1412; x_wconf 88' lang='lat' dir='ltr'>auctoritatem</span> <span class='ocrx_word' id='word_1_610' title='bbox 1860 1361 1908 1412; x_wconf 90' lang='lat' dir='ltr'>ba·</span> 
     </span>
     <span class='ocr_line' id='line_1_91' title="bbox 1104 1427 1911 1496; baseline 0.001 -16"><span class='ocrx_word' id='word_1_611' title='bbox 1104 1427 1167 1480; x_wconf 92' lang='lat' dir='ltr'>bere</span> <span class='ocrx_word' id='word_1_612' title='bbox 1189 1431 1290 1480; x_wconf 89' lang='lat' dir='ltr'>tutores</span> <span class='ocrx_word' id='word_1_613' title='bbox 1314 1439 1362 1478; x_wconf 89' lang='lat' dir='ltr'>seu</span> <span class='ocrx_word' id='word_1_614' title='bbox 1387 1431 1524 1482; x_wconf 90' lang='lat' dir='ltr'>curatores</span> <span class='ocrx_word' id='word_1_615' title='bbox 1548 1427 1701 1496; x_wconf 89' lang='lat' dir='ltr'>petentibus</span> <span class='ocrx_word' id='word_1_616' title='bbox 1719 1427 1796 1492; x_wconf 89' lang='lat' dir='ltr'>dare,</span> <span class='ocrx_word' id='word_1_617' title='bbox 1821 1427 1911 1482; x_wconf 91' lang='lat' dir='ltr'>decre·</span> 
     </span>
     <span class='ocr_line' id='line_1_92' title="bbox 1103 1493 1911 1562; baseline 0 -14"><span class='ocrx_word' id='word_1_618' title='bbox 1103 1499 1160 1548; x_wconf 89' lang='lat' dir='ltr'>tum</span> <span class='ocrx_word' id='word_1_619' title='bbox 1187 1495 1266 1548; x_wconf 89' lang='lat' dir='ltr'>etiam</span> <span class='ocrx_word' id='word_1_620' title='bbox 1291 1495 1461 1562; x_wconf 87' lang='lat' dir='ltr'>interponere</span> <span class='ocrx_word' id='word_1_621' title='bbox 1487 1493 1522 1548; x_wconf 87' lang='lat' dir='ltr'>ad</span> <span class='ocrx_word' id='word_1_622' title='bbox 1546 1495 1700 1550; x_wconf 83' lang='lat' dir='ltr'>alienandae</span> <span class='ocrx_word' id='word_1_623' title='bbox 1722 1495 1853 1552; x_wconf 89' lang='lat' dir='ltr'>minorum</span> <span class='ocrx_word' id='word_1_624' title='bbox 1877 1495 1911 1550; x_wconf 91' lang='lat' dir='ltr'>si-</span> 
     </span>
     <span class='ocr_line' id='line_1_93' title="bbox 1103 1561 1911 1630; baseline 0.002 -16"><span class='ocrx_word' id='word_1_625' title='bbox 1103 1561 1254 1630; x_wconf 88' lang='lat' dir='ltr'>miliumque</span> <span class='ocrx_word' id='word_1_626' title='bbox 1277 1563 1313 1616; x_wconf 89' lang='lat' dir='ltr'>cis</span> <span class='ocrx_word' id='word_1_627' title='bbox 1337 1577 1511 1630; x_wconf 88' lang='lat' dir='ltr'>personarum</span> <span class='ocrx_word' id='word_1_628' title='bbox 1535 1579 1583 1618; x_wconf 90' lang='lat' dir='ltr'>seu</span> <span class='ocrx_word' id='word_1_629' title='bbox 1601 1563 1742 1618; x_wconf 89' lang='lat' dir='ltr'>curialium</span> <span class='ocrx_word' id='word_1_630' title='bbox 1759 1563 1911 1628; x_wconf 81' lang='lat' dir='ltr'>securitates,</span> 
     </span>
     <span class='ocr_line' id='line_1_94' title="bbox 1103 1631 1913 1700; baseline 0 -16"><span class='ocrx_word' id='word_1_631' title='bbox 1103 1631 1327 1700; x_wconf 84' lang='lat' dir='ltr'>emancipationes</span> <span class='ocrx_word' id='word_1_632' title='bbox 1352 1645 1458 1700; x_wconf 89' lang='lat' dir='ltr'>quoque</span> <span class='ocrx_word' id='word_1_633' title='bbox 1478 1631 1581 1700; x_wconf 82' lang='lat' dir='ltr'>legibus</span> <span class='ocrx_word' id='word_1_634' title='bbox 1612 1633 1746 1686; x_wconf 88' lang='lat' dir='ltr'>celebrare</span> <span class='ocrx_word' id='word_1_635' title='bbox 1770 1637 1797 1686; x_wconf 91' lang='lat' dir='ltr'>et</span> <span class='ocrx_word' id='word_1_636' title='bbox 1825 1631 1913 1688; x_wconf 89' lang='lat' dir='ltr'>omnia</span> 
     </span>
     <span class='ocr_line' id='line_1_95' title="bbox 1103 1697 1912 1770; baseline 0 -18"><span class='ocrx_word' id='word_1_637' title='bbox 1103 1715 1171 1766; x_wconf 90' lang='lat' dir='ltr'>qnae</span> <span class='ocrx_word' id='word_1_638' title='bbox 1188 1703 1222 1752; x_wconf 91' lang='lat' dir='ltr'>ad</span> <span class='ocrx_word' id='word_1_639' title='bbox 1240 1697 1449 1754; x_wconf 87' lang='lat' dir='ltr'>iurisdictionem</span> <span class='ocrx_word' id='word_1_640' title='bbox 1472 1701 1585 1754; x_wconf 86' lang='lat' dir='ltr'>rectoris</span> <span class='ocrx_word' id='word_1_641' title='bbox 1607 1701 1761 1766; x_wconf 89' lang='lat' dir='ltr'>provinciae</span> <span class='ocrx_word' id='word_1_642' title='bbox 1779 1703 1912 1770; x_wconf 89' lang='lat' dir='ltr'>pertinent</span> 
     </span>
     <span class='ocr_line' id='line_1_96' title="bbox 1103 1767 1911 1838; baseline 0.002 -18"><span class='ocrx_word' id='word_1_643' title='bbox 1103 1769 1226 1832; x_wconf 86' lang='lat' dir='ltr'>actitare,</span> <span class='ocrx_word' id='word_1_644' title='bbox 1261 1767 1416 1836; x_wconf 89' lang='lat' dir='ltr'>praecipere</span> <span class='ocrx_word' id='word_1_645' title='bbox 1451 1767 1559 1836; x_wconf 86' lang='lat' dir='ltr'>dignata</span> <span class='ocrx_word' id='word_1_646' title='bbox 1584 1775 1626 1822; x_wconf 88' lang='grc' dir='ltr'>ιιι</span> <span class='ocrx_word' id='word_1_647' title='bbox 1655 1785 1704 1838; x_wconf 90' lang='lat' dir='ltr'>pro</span> <span class='ocrx_word' id='word_1_648' title='bbox 1738 1767 1911 1838; x_wconf 88' lang='lat' dir='ltr'>dispositione</span> 
     </span>
     <span class='ocr_line' id='line_1_97' title="bbox 1103 1835 1911 1904; baseline 0 -14"><span class='ocrx_word' id='word_1_649' title='bbox 1103 1841 1206 1892; x_wconf 83' lang='lat' dir='ltr'>restrae</span> <span class='ocrx_word' id='word_1_650' title='bbox 1224 1835 1389 1890; x_wconf 89' lang='lat' dir='ltr'>celsitudinis</span> <span class='ocrx_word' id='word_1_651' title='bbox 1403 1835 1539 1904; x_wconf 81' lang='lat' dir='ltr'>praelatas</span> <span class='ocrx_word' id='word_1_652' title='bbox 1555 1835 1706 1892; x_wconf 88' lang='lat' dir='ltr'>huiusmodi</span> <span class='ocrx_word' id='word_1_653' title='bbox 1721 1837 1911 1892; x_wconf 87' lang='lat' dir='ltr'>sollicitudines</span> 
     </span>
     <span class='ocr_line' id='line_1_98' title="bbox 1102 1903 1911 1976; baseline 0 -18"><span class='ocrx_word' id='word_1_654' title='bbox 1102 1905 1245 1974; x_wconf 83' lang='lat' dir='ltr'>peragendi</span> <span class='ocrx_word' id='word_1_655' title='bbox 1261 1903 1360 1958; x_wconf 91' lang='lat' dir='ltr'>habere</span> <span class='ocrx_word' id='word_1_656' title='bbox 1383 1903 1526 1958; x_wconf 91' lang='lat' dir='ltr'>licentiam.</span> <span class='ocrx_word' id='word_1_657' title='bbox 1569 1903 1602 1960; x_wconf 82' lang='lat' dir='ltr'>ll.</span> <span class='ocrx_word' id='word_1_658' title='bbox 1616 1905 1692 1976; x_wconf 86' lang='lat' dir='ltr'>prid.</span> <span class='ocrx_word' id='word_1_659' title='bbox 1710 1905 1746 1960; x_wconf 88' lang='lat' dir='ltr'>iol.</span> <span class='ocrx_word' id='word_1_660' title='bbox 1767 1903 1823 1962; x_wconf 86' lang='lat' dir='ltr'>Oct.</span> <span class='ocrx_word' id='word_1_661' title='bbox 1844 1905 1911 1960; x_wconf 87' lang='lat' dir='ltr'>Con-</span> 
     </span>
     <span class='ocr_line' id='line_1_99' title="bbox 1102 1971 1911 2046; baseline 0 -20"><span class='ocrx_word' id='word_1_662' title='bbox 1102 1973 1282 2046; x_wconf 84' lang='lat' dir='ltr'>stantinopoli</span> <span class='ocrx_word' id='word_1_663' title='bbox 1301 1971 1395 2026; x_wconf 85' lang='lat' dir='ltr'>Hierio</span> <span class='ocrx_word' id='word_1_664' title='bbox 1414 1979 1441 2028; x_wconf 86' lang='lat' dir='ltr'>ct</span> <span class='ocrx_word' id='word_1_665' title='bbox 1458 1973 1601 2028; x_wconf 84' lang='lat' dir='ltr'>Ardabure</span> <span class='ocrx_word' id='word_1_666' title='bbox 1618 1989 1704 2028; x_wconf 87' lang='lat' dir='ltr'>conss.</span> <span class='ocrx_word' id='word_1_667' title='bbox 1792 1975 1829 2044; x_wconf 89' lang='lat' dir='ltr'>[a.</span> <span class='ocrx_word' id='word_1_668' title='bbox 1848 1973 1911 2042; x_wconf 79' lang='lat' dir='ltr'>tbi]</span> 
     </span>
    </p>
   </div>
   <div class='ocr_carea' id='block_1_9' title="bbox 1476 2115 1539 2174">
    <p class='ocr_par' dir='ltr' id='par_1_10' title="bbox 1476 2115 1539 2174">
     <span class='ocr_line' id='line_1_100' title="bbox 1476 2115 1539 2174; baseline 0 0"><span class='ocrx_word' id='word_1_669' title='bbox 1476 2115 1539 2174; x_wconf 69' lang='lat' dir='ltr'>LI.³</span> 
     </span>
    </p>
   </div>
   <div class='ocr_carea' id='block_1_10' title="bbox 1102 2213 1910 2334">
    <p class='ocr_par' dir='ltr' id='par_1_11' title="bbox 1102 2213 1910 2334">
     <span class='ocr_line' id='line_1_101' title="bbox 1102 2213 1910 2266; baseline 0.002 -4"><span class='ocrx_word' id='word_1_670' title='bbox 1102 2213 1148 2262; x_wconf 92' lang='lat' dir='ltr'>DE</span> <span class='ocrx_word' id='word_1_671' title='bbox 1180 2213 1424 2264; x_wconf 78' lang='lat' dir='ltr'>ADSESSORIBUS</span> <span class='ocrx_word' id='word_1_672' title='bbox 1455 2215 1500 2264; x_wconf 84' lang='lat' dir='ltr'>ET</span> <span class='ocrx_word' id='word_1_673' title='bbox 1527 2213 1730 2266; x_wconf 72' lang='lat' dir='ltr'>monasticis</span> <span class='ocrx_word' id='word_1_674' title='bbox 1760 2215 1804 2264; x_wconf 84' lang='grc' dir='ltr'>ΕΤ</span> <span class='ocrx_word' id='word_1_675' title='bbox 1832 2213 1910 2264; x_wconf 81' lang='lat' dir='ltr'>CAN-</span> 
     </span>
     <span class='ocr_line' id='line_1_102' title="bbox 1329 2279 1683 2334; baseline 0 -4"><span class='ocrx_word' id='word_1_676' title='bbox 1329 2279 1510 2332; x_wconf 81' lang='lat' dir='ltr'>OELLARIIS</span> <span class='ocrx_word' id='word_1_677' title='bbox 1528 2281 1683 2334; x_wconf 79' lang='lat' dir='ltr'>IUDIOUM.</span> 
     </span>
    </p>
   </div>
   <div class='ocr_carea' id='block_1_11' title="bbox 1094 2379 1911 5316">
    <p class='ocr_par' dir='ltr' id='par_1_12' title="bbox 1100 2379 1911 2932">
     <span class='ocr_line' id='line_1_103' title="bbox 1139 2379 1910 2454; baseline -0.005 -16"><span class='ocrx_word' id='word_1_678' title='bbox 1139 2379 1151 2438; x_wconf 87' lang='lat' dir='ltr'>i</span> <span class='ocrx_word' id='word_1_679' title='bbox 1173 2379 1215 2434; x_wconf 88' lang='lat' dir='ltr'>Im</span> <span class='ocrx_word' id='word_1_680' title='bbox 1230 2399 1262 2454; x_wconf 87' lang='lat' dir='ltr'>p.</span> <span class='ocrx_word' id='word_1_681' title='bbox 1283 2381 1473 2438; x_wconf 77' lang='lat' dir='ltr'>Diocletianus</span> <span class='ocrx_word' id='word_1_682' title='bbox 1498 2389 1524 2438; x_wconf 84' lang='lat' dir='ltr'>el</span> <span class='ocrx_word' id='word_1_683' title='bbox 1547 2381 1734 2438; x_wconf 74' lang='lat' dir='ltr'>Maximianus</span> <span class='ocrx_word' id='word_1_684' title='bbox 1755 2381 1810 2438; x_wconf 87' lang='lat' dir='ltr'>AA.</span> <span class='ocrx_word' id='word_1_685' title='bbox 1838 2381 1910 2438; x_wconf 88' lang='lat' dir='ltr'>Paa-</span> 
     </span>
     <span class='ocr_line' id='line_1_104' title="bbox 1101 2399 1910 2530; baseline 0 -27"><span class='ocrx_word' id='word_1_686' title='bbox 1101 2449 1165 2530; x_wconf 77' lang='lat' dir='ltr'>lino.</span> <span class='ocrx_word' id='word_1_687' title='bbox 1202 2399 1354 2506; x_wconf 52' lang='lat' dir='ltr'>dumorum</span> <span class='ocrx_word' id='word_1_688' title='bbox 1372 2451 1448 2504; x_wconf 85' lang='lat' dir='ltr'>labor</span> <span class='ocrx_word' id='word_1_689' title='bbox 1465 2457 1594 2516; x_wconf 90' lang='lat' dir='ltr'>meretur,</span> <span class='ocrx_word' id='word_1_690' title='bbox 1613 2453 1644 2504; x_wconf 91' lang='lat' dir='ltr'>nt</span> <span class='ocrx_word' id='word_1_691' title='bbox 1661 2451 1695 2518; x_wconf 89' lang='lat' dir='ltr'>hi,</span> <span class='ocrx_word' id='word_1_692' title='bbox 1715 2451 1759 2520; x_wconf 91' lang='lat' dir='ltr'>qni</span> <span class='ocrx_word' id='word_1_693' title='bbox 1777 2451 1804 2504; x_wconf 90' lang='lat' dir='ltr'>in</span> <span class='ocrx_word' id='word_1_694' title='bbox 1822 2449 1910 2520; x_wconf 88' lang='lat' dir='ltr'>publi-</span> 
     </span>
     <span class='ocr_line' id='line_1_105' title="bbox 1102 2519 1909 2574; baseline 0.002 -4"><span class='ocrx_word' id='word_1_695' title='bbox 1102 2535 1139 2570; x_wconf 89' lang='grc' dir='ltr'>ιιι</span> <span class='ocrx_word' id='word_1_696' title='bbox 1163 2519 1437 2574; x_wconf 88' lang='lat' dir='ltr'>administrationibus</span> <span class='ocrx_word' id='word_1_697' title='bbox 1462 2519 1600 2574; x_wconf 87' lang='lat' dir='ltr'>constituti</span> <span class='ocrx_word' id='word_1_698' title='bbox 1623 2519 1721 2574; x_wconf 90' lang='lat' dir='ltr'>sociari</span> <span class='ocrx_word' id='word_1_699' title='bbox 1745 2519 1795 2574; x_wconf 91' lang='lat' dir='ltr'>sibi</span> <span class='ocrx_word' id='word_1_700' title='bbox 1822 2519 1909 2574; x_wconf 88' lang='lat' dir='ltr'>consi-</span> 
     </span>
     <span class='ocr_line' id='line_1_106' title="bbox 1100 2587 1911 2656; baseline 0 -16"><span class='ocrx_word' id='word_1_701' title='bbox 1100 2587 1197 2640; x_wconf 90' lang='lat' dir='ltr'>liorum</span> <span class='ocrx_word' id='word_1_702' title='bbox 1222 2587 1365 2656; x_wconf 89' lang='lat' dir='ltr'>participes</span> <span class='ocrx_word' id='word_1_703' title='bbox 1393 2587 1518 2656; x_wconf 90' lang='lat' dir='ltr'>cupiunt,</span> <span class='ocrx_word' id='word_1_704' title='bbox 1551 2603 1599 2656; x_wconf 90' lang='lat' dir='ltr'>spe</span> <span class='ocrx_word' id='word_1_705' title='bbox 1628 2587 1805 2654; x_wconf 88' lang='lat' dir='ltr'>praemiorum</span> <span class='ocrx_word' id='word_1_706' title='bbox 1831 2593 1911 2656; x_wconf 86' lang='lat' dir='ltr'>atque</span> 
     </span>
     <span class='ocr_line' id='line_1_107' title="bbox 1101 2655 1910 2726; baseline 0 -18"><span class='ocrx_word' id='word_1_707' title='bbox 1101 2655 1302 2710; x_wconf 87' lang='lat' dir='ltr'>honorificentia</span> <span class='ocrx_word' id='word_1_708' title='bbox 1320 2671 1370 2708; x_wconf 91' lang='lat' dir='ltr'>sua</span> <span class='ocrx_word' id='word_1_709' title='bbox 1387 2663 1532 2724; x_wconf 89' lang='lat' dir='ltr'>provocent</span> <span class='ocrx_word' id='word_1_710' title='bbox 1545 2673 1598 2720; x_wconf 88' lang='lat' dir='ltr'>eos,</span> <span class='ocrx_word' id='word_1_711' title='bbox 1618 2671 1730 2724; x_wconf 90' lang='lat' dir='ltr'>quorum</span> <span class='ocrx_word' id='word_1_712' title='bbox 1742 2657 1910 2726; x_wconf 87' lang='lat' dir='ltr'>prudentiam</span> 
     </span>
     <span class='ocr_line' id='line_1_108' title="bbox 1101 2723 1911 2792; baseline -0.002 -14"><span class='ocrx_word' id='word_1_713' title='bbox 1101 2723 1152 2778; x_wconf 88' lang='lat' dir='ltr'>sibi</span> <span class='ocrx_word' id='word_1_714' title='bbox 1174 2729 1270 2792; x_wconf 88' lang='lat' dir='ltr'>putant</span> <span class='ocrx_word' id='word_1_715' title='bbox 1293 2739 1350 2778; x_wconf 85' lang='lat' dir='ltr'>esse</span> <span class='ocrx_word' id='word_1_716' title='bbox 1375 2725 1569 2792; x_wconf 87' lang='lat' dir='ltr'>necessariam,</span> <span class='ocrx_word' id='word_1_717' title='bbox 1592 2741 1644 2778; x_wconf 90' lang='lat' dir='ltr'>non</span> <span class='ocrx_word' id='word_1_718' title='bbox 1664 2729 1737 2778; x_wconf 88' lang='lat' dir='ltr'>metu</span> <span class='ocrx_word' id='word_1_719' title='bbox 1754 2725 1867 2780; x_wconf 89' lang='lat' dir='ltr'>terribili</span> <span class='ocrx_word' id='word_1_720' title='bbox 1883 2729 1911 2778; x_wconf 90' lang='lat' dir='ltr'>et</span> 
     </span>
     <span class='ocr_line' id='line_1_109' title="bbox 1100 2791 1908 2864; baseline 0 -18"><span class='ocrx_word' id='word_1_721' title='bbox 1100 2791 1260 2846; x_wconf 88' lang='lat' dir='ltr'>necessitate</span> <span class='ocrx_word' id='word_1_722' title='bbox 1285 2793 1433 2860; x_wconf 81' lang='lat' dir='ltr'>incongrua</span> <span class='ocrx_word' id='word_1_723' title='bbox 1458 2793 1584 2848; x_wconf 90' lang='lat' dir='ltr'>libertati.</span> <span class='ocrx_word' id='word_1_724' title='bbox 1628 2791 1661 2848; x_wconf 86' lang='lat' dir='ltr'>D.</span> <span class='ocrx_word' id='word_1_725' title='bbox 1684 2791 1759 2864; x_wconf 84' lang='lat' dir='ltr'>prid.</span> <span class='ocrx_word' id='word_1_726' title='bbox 1793 2793 1828 2848; x_wconf 84' lang='lat' dir='ltr'>id.</span> <span class='ocrx_word' id='word_1_727' title='bbox 1856 2793 1908 2846; x_wconf 83' lang='lat' dir='ltr'>Iul</span> 
     </span>
     <span class='ocr_line' id='line_1_110' title="bbox 1102 2861 1908 2932; baseline -0.002 -18"><span class='ocrx_word' id='word_1_728' title='bbox 1102 2861 1241 2916; x_wconf 85' lang='lat' dir='ltr'>Tiberiade</span> <span class='ocrx_word' id='word_1_729' title='bbox 1257 2861 1382 2916; x_wconf 80' lang='lat' dir='ltr'>Maximo</span> <span class='ocrx_word' id='word_1_730' title='bbox 1401 2875 1430 2914; x_wconf 85' lang='lat' dir='ltr'>rr</span> <span class='ocrx_word' id='word_1_731' title='bbox 1445 2867 1472 2916; x_wconf 83' lang='lat' dir='ltr'>st</span> <span class='ocrx_word' id='word_1_732' title='bbox 1487 2861 1635 2932; x_wconf 64' lang='lat' dir='ltr'>apollinar</span> <span class='ocrx_word' id='word_1_733' title='bbox 1653 2867 1740 2916; x_wconf 86' lang='lat' dir='ltr'>conss.</span> <span class='ocrx_word' id='word_1_734' title='bbox 1791 2861 1828 2930; x_wconf 85' lang='lat' dir='ltr'>[a.</span> <span class='ocrx_word' id='word_1_735' title='bbox 1848 2861 1908 2930; x_wconf 79' lang='lat'>286]</span> 
     </span>
    </p>

    <p class='ocr_par' dir='ltr' id='par_1_13' title="bbox 1099 2925 1909 3476">
     <span class='ocr_line' id='line_1_111' title="bbox 1136 2925 1908 3002; baseline -0.005 -18"><span class='ocrx_word' id='word_1_736' title='bbox 1136 2925 1241 3002; x_wconf 85' lang='lat' dir='ltr'>2Irnp.</span> <span class='ocrx_word' id='word_1_737' title='bbox 1262 2927 1455 2984; x_wconf 82' lang='lat' dir='ltr'>Constantinus</span> <span class='ocrx_word' id='word_1_738' title='bbox 1470 2931 1503 2984; x_wconf 93' lang='lat' dir='ltr'>A.</span> <span class='ocrx_word' id='word_1_739' title='bbox 1527 2929 1566 2984; x_wconf 84' lang='lat' dir='ltr'>acl</span> <span class='ocrx_word' id='word_1_740' title='bbox 1581 2927 1701 2984; x_wconf 84' lang='lat' dir='ltr'>Bassam</span> <span class='ocrx_word' id='word_1_741' title='bbox 1732 2947 1763 3002; x_wconf 91' lang='lat' dir='ltr'>p.</span> <span class='ocrx_word' id='word_1_742' title='bbox 1805 2929 1908 2984; x_wconf 85' lang='lat' dir='ltr'>Praesi-</span> 
     </span>
     <span class='ocr_line' id='line_1_112' title="bbox 1100 2945 1908 3078; baseline 0 -28"><span class='ocrx_word' id='word_1_743' title='bbox 1100 2997 1161 3078; x_wconf 41' lang='grc' dir='ltr'>ιιι.</span> <span class='ocrx_word' id='word_1_744' title='bbox 1174 3013 1227 3050; x_wconf 86' lang='grc' dir='ltr'>ιιι</span> <span class='ocrx_word' id='word_1_745' title='bbox 1252 3013 1301 3066; x_wconf 82' lang='grc' dir='ltr'>ιιι</span> <span class='ocrx_word' id='word_1_746' title='bbox 1324 2997 1492 3062; x_wconf 89' lang='lat' dir='ltr'>adsessores,</span> <span class='ocrx_word' id='word_1_747' title='bbox 1511 2999 1558 3052; x_wconf 92' lang='lat' dir='ltr'>sed</span> <span class='ocrx_word' id='word_1_748' title='bbox 1575 3011 1624 3068; x_wconf 92' lang='lat' dir='ltr'>per</span> <span class='ocrx_word' id='word_1_749' title='bbox 1640 3011 1670 3052; x_wconf 91' lang='lat' dir='ltr'>se</span> <span class='ocrx_word' id='word_1_750' title='bbox 1688 2945 1860 3052; x_wconf 69' lang='lat' dir='ltr'>subscribant</span> <span class='ocrx_word' id='word_1_751' title='bbox 1877 2999 1908 3050; x_wconf 88' lang='lat' dir='ltr'>li-</span> 
     </span>
     <span class='ocr_line' id='line_1_113' title="bbox 1100 3065 1908 3134; baseline -0.002 -16"><span class='ocrx_word' id='word_1_752' title='bbox 1100 3065 1184 3120; x_wconf 83' lang='lat' dir='ltr'>bellis.</span> <span class='ocrx_word' id='word_1_753' title='bbox 1228 3067 1299 3134; x_wconf 92' lang='lat' dir='ltr'>quod</span> <span class='ocrx_word' id='word_1_754' title='bbox 1325 3065 1348 3118; x_wconf 91' lang='lat' dir='ltr'>si</span> <span class='ocrx_word' id='word_1_755' title='bbox 1373 3065 1432 3134; x_wconf 91' lang='lat' dir='ltr'>quis</span> <span class='ocrx_word' id='word_1_756' title='bbox 1460 3065 1594 3122; x_wconf 86' lang='lat' dir='ltr'>adsessori</span> <span class='ocrx_word' id='word_1_757' title='bbox 1620 3065 1842 3134; x_wconf 87' lang='lat' dir='ltr'>subscriptionem</span> <span class='ocrx_word' id='word_1_758' title='bbox 1868 3067 1908 3120; x_wconf 91' lang='lat' dir='ltr'>iu-</span> 
     </span>
     <span class='ocr_line' id='line_1_114' title="bbox 1100 3131 1908 3204; baseline -0.001 -16"><span class='ocrx_word' id='word_1_759' title='bbox 1100 3133 1228 3188; x_wconf 89' lang='lat' dir='ltr'>consnltis</span> <span class='ocrx_word' id='word_1_760' title='bbox 1253 3131 1330 3188; x_wconf 88' lang='lat' dir='ltr'>nobis</span> <span class='ocrx_word' id='word_1_761' title='bbox 1352 3133 1518 3202; x_wconf 86' lang='lat' dir='ltr'>permiserit,</span> <span class='ocrx_word' id='word_1_762' title='bbox 1547 3149 1610 3188; x_wconf 84' lang='lat' dir='ltr'>mox</span> <span class='ocrx_word' id='word_1_763' title='bbox 1630 3133 1754 3188; x_wconf 89' lang='lat' dir='ltr'>adsessor</span> <span class='ocrx_word' id='word_1_764' title='bbox 1777 3135 1823 3204; x_wconf 92' lang='lat' dir='ltr'>qui</span> <span class='ocrx_word' id='word_1_765' title='bbox 1847 3133 1908 3188; x_wconf 83' lang='lat' dir='ltr'>snb·</span> 
     </span>
     <span class='ocr_line' id='line_1_115' title="bbox 1100 3201 1909 3272; baseline -0.002 -16"><span class='ocrx_word' id='word_1_766' title='bbox 1100 3201 1208 3270; x_wconf 90' lang='lat' dir='ltr'>scripsit</span> <span class='ocrx_word' id='word_1_767' title='bbox 1233 3203 1311 3256; x_wconf 90' lang='lat' dir='ltr'>exilio</span> <span class='ocrx_word' id='word_1_768' title='bbox 1337 3203 1477 3270; x_wconf 78' lang='lat' dir='ltr'>puniatnrs</span> <span class='ocrx_word' id='word_1_769' title='bbox 1505 3203 1634 3272; x_wconf 88' lang='lat' dir='ltr'>praesidis</span> <span class='ocrx_word' id='word_1_770' title='bbox 1664 3219 1726 3258; x_wconf 86' lang='lat' dir='ltr'>vero</span> <span class='ocrx_word' id='word_1_771' title='bbox 1752 3217 1849 3256; x_wconf 86' lang='lat' dir='ltr'>rromen</span> <span class='ocrx_word' id='word_1_772' title='bbox 1876 3201 1909 3256; x_wconf 90' lang='lat' dir='ltr'>ad</span> 
     </span>
     <span class='ocr_line' id='line_1_116' title="bbox 1100 3269 1908 3338; baseline -0.002 -16"><span class='ocrx_word' id='word_1_773' title='bbox 1100 3285 1149 3324; x_wconf 91' lang='lat' dir='ltr'>nos</span> <span class='ocrx_word' id='word_1_774' title='bbox 1173 3269 1267 3324; x_wconf 82' lang='lat' dir='ltr'>reterri</span> <span class='ocrx_word' id='word_1_775' title='bbox 1288 3269 1423 3338; x_wconf 89' lang='lat' dir='ltr'>iubemus,</span> <span class='ocrx_word' id='word_1_776' title='bbox 1448 3275 1478 3324; x_wconf 87' lang='lat' dir='ltr'>nt</span> <span class='ocrx_word' id='word_1_777' title='bbox 1495 3271 1523 3326; x_wconf 92' lang='lat' dir='ltr'>in</span> <span class='ocrx_word' id='word_1_778' title='bbox 1544 3287 1602 3324; x_wconf 90' lang='lat' dir='ltr'>eum</span> <span class='ocrx_word' id='word_1_779' title='bbox 1621 3271 1737 3326; x_wconf 64' lang='lat' dir='ltr'>suerius</span> <span class='ocrx_word' id='word_1_780' title='bbox 1754 3271 1908 3326; x_wconf 89' lang='lat' dir='ltr'>vindicetur.</span> 
     </span>
     <span class='ocr_line' id='line_1_117' title="bbox 1100 3335 1907 3410; baseline -0.002 -18"><span class='ocrx_word' id='word_1_781' title='bbox 1100 3339 1133 3392; x_wconf 79' lang='lat' dir='ltr'>l).</span> <span class='ocrx_word' id='word_1_782' title='bbox 1151 3353 1196 3392; x_wconf 84' lang='grc' dir='ltr'>ιι</span> <span class='ocrx_word' id='word_1_783' title='bbox 1209 3337 1234 3392; x_wconf 82' lang='lat' dir='ltr'>le.</span> <span class='ocrx_word' id='word_1_784' title='bbox 1254 3339 1329 3410; x_wconf 79' lang='lat' dir='ltr'>Sept.</span> <span class='ocrx_word' id='word_1_785' title='bbox 1349 3335 1527 3392; x_wconf 81' lang='lat' dir='ltr'>Constantino</span> <span class='ocrx_word' id='word_1_786' title='bbox 1545 3343 1575 3392; x_wconf 89' lang='lat' dir='ltr'>A.</span> <span class='ocrx_word' id='word_1_787' title='bbox 1601 3353 1630 3392; x_wconf 97' lang='grc' dir='ltr'>ιι</span> <span class='ocrx_word' id='word_1_788' title='bbox 1646 3345 1673 3392; x_wconf 89' lang='grc' dir='ltr'>ιι</span> <span class='ocrx_word' id='word_1_789' title='bbox 1691 3337 1868 3392; x_wconf 82' lang='lat' dir='ltr'>Constantino</span> <span class='ocrx_word' id='word_1_790' title='bbox 1882 3339 1907 3392; x_wconf 81' lang='lat' dir='ltr'>C.</span> 
     </span>
     <span class='ocr_line' id='line_1_118' title="bbox 1099 3407 1908 3476; baseline 0.002 -18"><span class='ocrx_word' id='word_1_791' title='bbox 1099 3423 1185 3462; x_wconf 86' lang='lat' dir='ltr'>conss.</span> <span class='ocrx_word' id='word_1_792' title='bbox 1794 3407 1830 3476; x_wconf 95' lang='lat' dir='ltr'>[a.</span> <span class='ocrx_word' id='word_1_793' title='bbox 1847 3407 1908 3476; x_wconf 76' lang='lat'>320]</span> 
     </span>
    </p>

    <p class='ocr_par' dir='ltr' id='par_1_14' title="bbox 1097 3471 1908 4160">
     <span class='ocr_line' id='line_1_119' title="bbox 1134 3471 1907 3556; baseline -0.003 -26"><span class='ocrx_word' id='word_1_794' title='bbox 1134 3471 1151 3530; x_wconf 88' lang='lat'>3</span> <span class='ocrx_word' id='word_1_795' title='bbox 1171 3473 1259 3556; x_wconf 78' lang='lat' dir='ltr'>impp.</span> <span class='ocrx_word' id='word_1_796' title='bbox 1278 3473 1414 3530; x_wconf 83' lang='lat' dir='ltr'>Arcadius</span> <span class='ocrx_word' id='word_1_797' title='bbox 1431 3479 1458 3530; x_wconf 86' lang='lat' dir='ltr'>et</span> <span class='ocrx_word' id='word_1_798' title='bbox 1475 3473 1619 3530; x_wconf 87' lang='lat' dir='ltr'>Honorius</span> <span class='ocrx_word' id='word_1_799' title='bbox 1635 3475 1691 3528; x_wconf 87' lang='lat' dir='ltr'>AA.</span> <span class='ocrx_word' id='word_1_800' title='bbox 1709 3473 1845 3530; x_wconf 80' lang='lat' dir='ltr'>Messalae</span> <span class='ocrx_word' id='word_1_801' title='bbox 1857 3491 1907 3548; x_wconf 88' lang='lat' dir='ltr'>pp.</span> 
     </span>
     <span class='ocr_line' id='line_1_120' title="bbox 1100 3543 1907 3612; baseline 0 -16"><span class='ocrx_word' id='word_1_802' title='bbox 1100 3543 1272 3598; x_wconf 84' lang='lat' dir='ltr'>Oonsiliarros</span> <span class='ocrx_word' id='word_1_803' title='bbox 1293 3543 1410 3596; x_wconf 89' lang='lat' dir='ltr'>indicum</span> <span class='ocrx_word' id='word_1_804' title='bbox 1434 3547 1461 3596; x_wconf 91' lang='lat' dir='ltr'>et</span> <span class='ocrx_word' id='word_1_805' title='bbox 1479 3543 1652 3598; x_wconf 91' lang='lat' dir='ltr'>cancellarios</span> <span class='ocrx_word' id='word_1_806' title='bbox 1671 3545 1699 3596; x_wconf 92' lang='lat' dir='ltr'>et</span> <span class='ocrx_word' id='word_1_807' title='bbox 1715 3557 1774 3608; x_wconf 90' lang='lat' dir='ltr'>eos,</span> <span class='ocrx_word' id='word_1_808' title='bbox 1799 3545 1844 3612; x_wconf 90' lang='grc' dir='ltr'>ιιι</span> <span class='ocrx_word' id='word_1_809' title='bbox 1862 3545 1907 3598; x_wconf 90' lang='lat' dir='ltr'>do-</span> 
     </span>
     <span class='ocr_line' id='line_1_121' title="bbox 1098 3611 1907 3680; baseline 0.002 -18"><span class='ocrx_word' id='word_1_810' title='bbox 1098 3611 1268 3666; x_wconf 89' lang='lat' dir='ltr'>mesticorum</span> <span class='ocrx_word' id='word_1_811' title='bbox 1289 3611 1436 3678; x_wconf 82' lang='lat' dir='ltr'>funguntur</span> <span class='ocrx_word' id='word_1_812' title='bbox 1453 3611 1556 3676; x_wconf 87' lang='lat' dir='ltr'>officio,</span> <span class='ocrx_word' id='word_1_813' title='bbox 1579 3617 1642 3680; x_wconf 89' lang='lat' dir='ltr'>post</span> <span class='ocrx_word' id='word_1_814' title='bbox 1659 3611 1806 3680; x_wconf 89' lang='lat' dir='ltr'>depositam</span> <span class='ocrx_word' id='word_1_815' title='bbox 1823 3611 1907 3666; x_wconf 89' lang='lat' dir='ltr'>admi·</span> 
     </span>
     <span class='ocr_line' id='line_1_122' title="bbox 1098 3679 1908 3748; baseline 0.001 -16"><span class='ocrx_word' id='word_1_816' title='bbox 1098 3679 1282 3734; x_wconf 89' lang='lat' dir='ltr'>nistrationem</span> <span class='ocrx_word' id='word_1_817' title='bbox 1305 3679 1497 3748; x_wconf 82' lang='lat' dir='ltr'>quinquaginta</span> <span class='ocrx_word' id='word_1_818' title='bbox 1520 3679 1575 3734; x_wconf 90' lang='lat' dir='ltr'>dies</span> <span class='ocrx_word' id='word_1_819' title='bbox 1593 3679 1621 3732; x_wconf 91' lang='lat' dir='ltr'>in</span> <span class='ocrx_word' id='word_1_820' title='bbox 1638 3679 1774 3748; x_wconf 90' lang='lat' dir='ltr'>provincia</span> <span class='ocrx_word' id='word_1_821' title='bbox 1792 3681 1908 3734; x_wconf 87' lang='lat' dir='ltr'>residere</span> 
     </span>
     <span class='ocr_line' id='line_1_123' title="bbox 1103 3747 1907 3818; baseline 0.001 -18"><span class='ocrx_word' id='word_1_822' title='bbox 1103 3753 1111 3800; x_wconf 94' lang='lat' dir='ltr'>l</span> <span class='ocrx_word' id='word_1_823' title='bbox 1149 3749 1335 3818; x_wconf 88' lang='lat' dir='ltr'>praecipimus.</span> <span class='ocrx_word' id='word_1_824' title='bbox 1371 3749 1425 3802; x_wconf 89' lang='lat' dir='ltr'>Pro</span> <span class='ocrx_word' id='word_1_825' title='bbox 1443 3747 1566 3802; x_wconf 84' lang='lat' dir='ltr'>confesso</span> <span class='ocrx_word' id='word_1_826' title='bbox 1584 3753 1673 3802; x_wconf 87' lang='lat' dir='ltr'>autem</span> <span class='ocrx_word' id='word_1_827' title='bbox 1690 3749 1838 3814; x_wconf 90' lang='lat' dir='ltr'>tenebitur,</span> <span class='ocrx_word' id='word_1_828' title='bbox 1862 3749 1907 3818; x_wconf 90' lang='lat' dir='ltr'>qui</span> 
     </span>
     <span class='ocr_line' id='line_1_124' title="bbox 1098 3815 1908 3886; baseline 0 -16"><span class='ocrx_word' id='word_1_829' title='bbox 1098 3821 1242 3872; x_wconf 88' lang='lat' dir='ltr'>accusatus</span> <span class='ocrx_word' id='word_1_830' title='bbox 1268 3815 1419 3870; x_wconf 87' lang='lat' dir='ltr'>huiusmodi</span> <span class='ocrx_word' id='word_1_831' title='bbox 1445 3831 1586 3884; x_wconf 88' lang='lat' dir='ltr'>personam</span> <span class='ocrx_word' id='word_1_832' title='bbox 1613 3817 1790 3870; x_wconf 86' lang='lat' dir='ltr'>subtraxerit:</span> <span class='ocrx_word' id='word_1_833' title='bbox 1823 3831 1908 3886; x_wconf 88' lang='lat' dir='ltr'>eaque</span> 
     </span>
     <span class='ocr_line' id='line_1_125' title="bbox 1097 3885 1907 3954; baseline 0 -16"><span class='ocrx_word' id='word_1_834' title='bbox 1097 3885 1126 3938; x_wconf 91' lang='lat' dir='ltr'>in</span> <span class='ocrx_word' id='word_1_835' title='bbox 1151 3885 1327 3954; x_wconf 89' lang='lat' dir='ltr'>quadruplum</span> <span class='ocrx_word' id='word_1_836' title='bbox 1349 3885 1454 3938; x_wconf 89' lang='lat' dir='ltr'>restitui</span> <span class='ocrx_word' id='word_1_837' title='bbox 1476 3885 1611 3948; x_wconf 86' lang='lat' dir='ltr'>iubemus,</span> <span class='ocrx_word' id='word_1_838' title='bbox 1637 3899 1705 3950; x_wconf 91' lang='lat' dir='ltr'>quae</span> <span class='ocrx_word' id='word_1_839' title='bbox 1723 3885 1907 3940; x_wconf 88' lang='lat' dir='ltr'>desiderantur</span> 
     </span>
     <span class='ocr_line' id='line_1_126' title="bbox 1098 3951 1907 4022; baseline 0 -16"><span class='ocrx_word' id='word_1_840' title='bbox 1098 3953 1196 4018; x_wconf 90' lang='lat' dir='ltr'>ablata,</span> <span class='ocrx_word' id='word_1_841' title='bbox 1214 3959 1245 4006; x_wconf 93' lang='lat' dir='ltr'>ut</span> <span class='ocrx_word' id='word_1_842' title='bbox 1263 3953 1373 4022; x_wconf 91' lang='lat' dir='ltr'>duplum</span> <span class='ocrx_word' id='word_1_843' title='bbox 1391 3969 1403 4006; x_wconf 90' lang='lat' dir='ltr'>s</span> <span class='ocrx_word' id='word_1_844' title='bbox 1424 3953 1521 4008; x_wconf 92' lang='lat' dir='ltr'>oliatus</span> <span class='ocrx_word' id='word_1_845' title='bbox 1541 3951 1664 4020; x_wconf 87' lang='lat' dir='ltr'>accipiat,</span> <span class='ocrx_word' id='word_1_846' title='bbox 1688 3951 1797 4022; x_wconf 89' lang='lat' dir='ltr'>duplum</span> <span class='ocrx_word' id='word_1_847' title='bbox 1814 3959 1907 4008; x_wconf 90' lang='lat' dir='ltr'>noster</span> 
     </span>
     <span class='ocr_line' id='line_1_127' title="bbox 1422 4019 1907 4160; baseline 0.004 -86"><span class='ocrx_word' id='word_1_848' title='bbox 1422 4065 1426 4074; x_wconf 88' lang='lat'>.</span> <span class='ocrx_word' id='word_1_849' title='bbox 1451 4037 1481 4076; x_wconf 90' lang='grc' dir='ltr'>ιι</span> <span class='ocrx_word' id='word_1_850' title='bbox 1505 4021 1530 4076; x_wconf 85' lang='lat' dir='ltr'>lc.</span> <span class='ocrx_word' id='word_1_851' title='bbox 1559 4021 1618 4076; x_wconf 87' lang='lat' dir='ltr'>Ian.</span> <span class='ocrx_word' id='word_1_852' title='bbox 1645 4019 1798 4160; x_wconf 49' lang='lat' dir='ltr'>Mediolanp</span> <span class='ocrx_word' id='word_1_853' title='bbox 1823 4021 1907 4142; x_wconf 49' lang='lat' dir='ltr'>Tbeps</span> 
     </span>
    </p>

    <p class='ocr_par' dir='ltr' id='par_1_15' title="bbox 1799 4095 1874 4144">
     <span class='ocr_line' id='line_1_128' title="bbox 1799 4095 1874 4144; baseline 0.027 -2"><span class='ocrx_word' id='word_1_854' title='bbox 1799 4105 1822 4144; x_wconf 88' lang='lat' dir='ltr'>n.</span> <span class='ocrx_word' id='word_1_855' title='bbox 1844 4095 1874 4144; x_wconf 89' lang='grc'>39</span> 
     </span>
    </p>

    <p class='ocr_par' dir='ltr' id='par_1_16' title="bbox 1095 4089 1905 4636">
     <span class='ocr_line' id='line_1_129' title="bbox 1132 4089 1905 4214; baseline -0.005 0"><span class='ocrx_word' id='word_1_856' title='bbox 1132 4155 1150 4214; x_wconf 82' lang='grc'><strong>4</strong></span> <span class='ocrx_word' id='word_1_857' title='bbox 1169 4157 1244 4212; x_wconf 84' lang='lat' dir='ltr'>Idem</span> <span class='ocrx_word' id='word_1_858' title='bbox 1262 4157 1317 4212; x_wconf 88' lang='lat' dir='ltr'>AA.</span> <span class='ocrx_word' id='word_1_859' title='bbox 1336 4163 1363 4212; x_wconf 87' lang='grc' dir='ltr'>ιι</span> <span class='ocrx_word' id='word_1_860' title='bbox 1382 4157 1549 4212; x_wconf 76' lang='lat' dir='ltr'>Theodosius</span> <span class='ocrx_word' id='word_1_861' title='bbox 1565 4159 1596 4212; x_wconf 91' lang='lat' dir='ltr'>A.</span> <span class='ocrx_word' id='word_1_862' title='bbox 1616 4155 1653 4210; x_wconf 90' lang='lat' dir='ltr'>aol</span> <span class='ocrx_word' id='word_1_863' title='bbox 1672 4155 1851 4212; x_wconf 82' lang='lat' dir='ltr'>Caecilianum</span> <span class='ocrx_word' id='word_1_864' title='bbox 1869 4089 1905 4214; x_wconf 73' lang='lat' dir='ltr'>cr]-</span> 
     </span>
     <span class='ocr_line' id='line_1_130' title="bbox 1097 4223 1905 4294; baseline 0 -14"><span class='ocrx_word' id='word_1_865' title='bbox 1097 4225 1207 4280; x_wconf 83' lang='lat' dir='ltr'>carium.</span> <span class='ocrx_word' id='word_1_866' title='bbox 1248 4223 1417 4280; x_wconf 88' lang='lat' dir='ltr'>Domesticos</span> <span class='ocrx_word' id='word_1_867' title='bbox 1440 4225 1534 4280; x_wconf 87' lang='lat' dir='ltr'>indicis</span> <span class='ocrx_word' id='word_1_868' title='bbox 1559 4241 1575 4280; x_wconf 90' lang='lat' dir='ltr'>a</span> <span class='ocrx_word' id='word_1_869' title='bbox 1597 4223 1710 4294; x_wconf 86' lang='lat' dir='ltr'>publicis</span> <span class='ocrx_word' id='word_1_870' title='bbox 1734 4227 1839 4280; x_wconf 89' lang='lat' dir='ltr'>actibus</span> <span class='ocrx_word' id='word_1_871' title='bbox 1861 4241 1905 4280; x_wconf 82' lang='lat' dir='ltr'>ar-</span> 
     </span>
     <span class='ocr_line' id='line_1_131' title="bbox 1097 4291 1905 4362; baseline -0.002 -14"><span class='ocrx_word' id='word_1_872' title='bbox 1097 4297 1197 4348; x_wconf 89' lang='lat' dir='ltr'>ceatur.</span> <span class='ocrx_word' id='word_1_873' title='bbox 1241 4291 1311 4362; x_wconf 91' lang='lat' dir='ltr'>quod</span> <span class='ocrx_word' id='word_1_874' title='bbox 1337 4293 1362 4348; x_wconf 87' lang='lat' dir='ltr'>si</span> <span class='ocrx_word' id='word_1_875' title='bbox 1383 4293 1590 4348; x_wconf 88' lang='lat' dir='ltr'>necessitatibus</span> <span class='ocrx_word' id='word_1_876' title='bbox 1615 4293 1731 4362; x_wconf 90' lang='lat' dir='ltr'>publicis</span> <span class='ocrx_word' id='word_1_877' title='bbox 1760 4309 1818 4348; x_wconf 88' lang='lat' dir='ltr'>sese</span> <span class='ocrx_word' id='word_1_878' title='bbox 1842 4309 1905 4350; x_wconf 90' lang='lat' dir='ltr'>oon-</span> 
     </span>
     <span class='ocr_line' id='line_1_132' title="bbox 1097 4361 1905 4430; baseline 0 -14"><span class='ocrx_word' id='word_1_879' title='bbox 1097 4361 1181 4416; x_wconf 85' lang='lat' dir='ltr'>victus</span> <span class='ocrx_word' id='word_1_880' title='bbox 1205 4361 1286 4414; x_wconf 89' lang='lat' dir='ltr'>fuerit</span> <span class='ocrx_word' id='word_1_881' title='bbox 1308 4361 1461 4430; x_wconf 82' lang='lat' dir='ltr'>miscuisse,</span> <span class='ocrx_word' id='word_1_882' title='bbox 1487 4361 1578 4416; x_wconf 89' lang='lat' dir='ltr'>statim</span> <span class='ocrx_word' id='word_1_883' title='bbox 1601 4377 1661 4414; x_wconf 89' lang='lat' dir='ltr'>enm</span> <span class='ocrx_word' id='word_1_884' title='bbox 1679 4361 1713 4414; x_wconf 90' lang='lat' dir='ltr'>ad</span> <span class='ocrx_word' id='word_1_885' title='bbox 1731 4361 1839 4416; x_wconf 90' lang='lat' dir='ltr'>maioris</span> <span class='ocrx_word' id='word_1_886' title='bbox 1856 4379 1905 4430; x_wconf 86' lang='lat' dir='ltr'>po·</span> 
     </span>
     <span class='ocr_line' id='line_1_133' title="bbox 1096 4429 1904 4498; baseline 0 -14"><span class='ocrx_word' id='word_1_887' title='bbox 1096 4431 1201 4484; x_wconf 92' lang='lat' dir='ltr'>testatis</span> <span class='ocrx_word' id='word_1_888' title='bbox 1219 4443 1329 4484; x_wconf 84' lang='lat' dir='ltr'>examen</span> <span class='ocrx_word' id='word_1_889' title='bbox 1346 4429 1442 4484; x_wconf 90' lang='lat' dir='ltr'>deduci</span> <span class='ocrx_word' id='word_1_890' title='bbox 1460 4435 1578 4498; x_wconf 85' lang='lat' dir='ltr'>oportet,</span> <span class='ocrx_word' id='word_1_891' title='bbox 1604 4435 1635 4482; x_wconf 88' lang='lat' dir='ltr'>ut</span> <span class='ocrx_word' id='word_1_892' title='bbox 1656 4435 1809 4498; x_wconf 88' lang='lat' dir='ltr'>competens</span> <span class='ocrx_word' id='word_1_893' title='bbox 1827 4431 1855 4484; x_wconf 91' lang='lat' dir='ltr'>in</span> <span class='ocrx_word' id='word_1_894' title='bbox 1873 4445 1904 4484; x_wconf 91' lang='lat' dir='ltr'>eo</span> 
     </span>
     <span class='ocr_line' id='line_1_134' title="bbox 1096 4497 1905 4570; baseline -0.001 -18"><span class='ocrx_word' id='word_1_895' title='bbox 1096 4499 1214 4552; x_wconf 90' lang='lat' dir='ltr'>vindicta</span> <span class='ocrx_word' id='word_1_896' title='bbox 1230 4503 1377 4568; x_wconf 89' lang='lat' dir='ltr'>promatur.</span> <span class='ocrx_word' id='word_1_897' title='bbox 1412 4499 1446 4552; x_wconf 81' lang='lat' dir='ltr'>I).</span> <span class='ocrx_word' id='word_1_898' title='bbox 1469 4513 1500 4552; x_wconf 84' lang='grc' dir='ltr'>ιι</span> <span class='ocrx_word' id='word_1_899' title='bbox 1517 4499 1553 4552; x_wconf 82' lang='lat' dir='ltr'>iel.</span> <span class='ocrx_word' id='word_1_900' title='bbox 1571 4497 1659 4570; x_wconf 87' lang='lat' dir='ltr'>April.</span> <span class='ocrx_word' id='word_1_901' title='bbox 1679 4497 1806 4552; x_wconf 83' lang='lat' dir='ltr'>Honorio</span> <span class='ocrx_word' id='word_1_902' title='bbox 1824 4503 1855 4552; x_wconf 87' lang='lat' dir='ltr'>A.</span> <span class='ocrx_word' id='word_1_903' title='bbox 1877 4513 1905 4552; x_wconf 88' lang='grc' dir='ltr'>ιι</span> 
     </span>
     <span class='ocr_line' id='line_1_135' title="bbox 1095 4565 1904 4636; baseline -0.005 -14"><span class='ocrx_word' id='word_1_904' title='bbox 1095 4573 1122 4622; x_wconf 86' lang='lat' dir='ltr'>et</span> <span class='ocrx_word' id='word_1_905' title='bbox 1139 4565 1310 4622; x_wconf 78' lang='lat' dir='ltr'>Aristaenetc</span> <span class='ocrx_word' id='word_1_906' title='bbox 1328 4583 1414 4620; x_wconf 86' lang='lat' dir='ltr'>censs.</span> <span class='ocrx_word' id='word_1_907' title='bbox 1786 4565 1823 4636; x_wconf 87' lang='lat' dir='ltr'>[a.</span> <span class='ocrx_word' id='word_1_908' title='bbox 1842 4565 1904 4634; x_wconf 79' lang='grc'>404]</span> 
     </span>
    </p>

    <p class='ocr_par' dir='ltr' id='par_1_17' title="bbox 1094 4631 1904 5028">
     <span class='ocr_line' id='line_1_136' title="bbox 1131 4631 1902 4706; baseline -0.001 -17"><span class='ocrx_word' id='word_1_909' title='bbox 1131 4631 1149 4690; x_wconf 88' lang='grc'>5</span> <span class='ocrx_word' id='word_1_910' title='bbox 1168 4631 1257 4706; x_wconf 83' lang='lat' dir='ltr'>Inapp.</span> <span class='ocrx_word' id='word_1_911' title='bbox 1277 4631 1419 4688; x_wconf 84' lang='lat' dir='ltr'>Honorius</span> <span class='ocrx_word' id='word_1_912' title='bbox 1436 4639 1464 4688; x_wconf 84' lang='lat' dir='ltr'>ct</span> <span class='ocrx_word' id='word_1_913' title='bbox 1481 4633 1649 4688; x_wconf 85' lang='lat' dir='ltr'>Tbeodosias</span> <span class='ocrx_word' id='word_1_914' title='bbox 1662 4635 1717 4688; x_wconf 89' lang='lat' dir='ltr'>AA.</span> <span class='ocrx_word' id='word_1_915' title='bbox 1730 4631 1842 4688; x_wconf 84' lang='lat' dir='ltr'>Seleuco</span> <span class='ocrx_word' id='word_1_916' title='bbox 1852 4651 1902 4706; x_wconf 87' lang='lat' dir='ltr'>pp.</span> 
     </span>
     <span class='ocr_line' id='line_1_137' title="bbox 1095 4701 1904 4772; baseline -0.002 -16"><span class='ocrx_word' id='word_1_917' title='bbox 1095 4703 1179 4756; x_wconf 89' lang='lat' dir='ltr'>Nemo</span> <span class='ocrx_word' id='word_1_918' title='bbox 1197 4703 1224 4756; x_wconf 94' lang='lat' dir='ltr'>in</span> <span class='ocrx_word' id='word_1_919' title='bbox 1242 4701 1394 4772; x_wconf 85' lang='lat' dir='ltr'>provinciis,</span> <span class='ocrx_word' id='word_1_920' title='bbox 1419 4703 1465 4770; x_wconf 91' lang='lat' dir='ltr'>qui</span> <span class='ocrx_word' id='word_1_921' title='bbox 1488 4701 1568 4756; x_wconf 89' lang='lat' dir='ltr'>semel</span> <span class='ocrx_word' id='word_1_922' title='bbox 1586 4701 1724 4756; x_wconf 91' lang='lat' dir='ltr'>domestici</span> <span class='ocrx_word' id='word_1_923' title='bbox 1741 4703 1782 4754; x_wconf 85' lang='lat' dir='ltr'>vel</span> <span class='ocrx_word' id='word_1_924' title='bbox 1800 4701 1904 4758; x_wconf 89' lang='lat' dir='ltr'>cancel-</span> 
     </span>
     <span class='ocr_line' id='line_1_138' title="bbox 1094 4769 1903 4838; baseline 0 -14"><span class='ocrx_word' id='word_1_925' title='bbox 1094 4769 1154 4824; x_wconf 90' lang='lat' dir='ltr'>larii</span> <span class='ocrx_word' id='word_1_926' title='bbox 1171 4769 1346 4826; x_wconf 87' lang='lat' dir='ltr'>ministerium</span> <span class='ocrx_word' id='word_1_927' title='bbox 1362 4769 1487 4838; x_wconf 84' lang='lat' dir='ltr'>gesserit,</span> <span class='ocrx_word' id='word_1_928' title='bbox 1511 4769 1546 4824; x_wconf 91' lang='lat' dir='ltr'>ad</span> <span class='ocrx_word' id='word_1_929' title='bbox 1564 4769 1675 4826; x_wconf 89' lang='lat' dir='ltr'>eandem</span> <span class='ocrx_word' id='word_1_930' title='bbox 1692 4769 1903 4826; x_wconf 89' lang='lat' dir='ltr'>observationem</span> 
     </span>
     <span class='ocr_line' id='line_1_139' title="bbox 1094 4837 1904 4906; baseline 0 -14"><span class='ocrx_word' id='word_1_931' title='bbox 1094 4839 1185 4906; x_wconf 89' lang='lat' dir='ltr'>aliqua</span> <span class='ocrx_word' id='word_1_932' title='bbox 1200 4839 1345 4892; x_wconf 89' lang='lat' dir='ltr'>ambitione</span> <span class='ocrx_word' id='word_1_933' title='bbox 1361 4839 1459 4892; x_wconf 90' lang='lat' dir='ltr'>iterum</span> <span class='ocrx_word' id='word_1_934' title='bbox 1476 4853 1593 4892; x_wconf 89' lang='lat' dir='ltr'>remeare</span> <span class='ocrx_word' id='word_1_935' title='bbox 1612 4837 1783 4892; x_wconf 88' lang='lat' dir='ltr'>concedatur.</span> <span class='ocrx_word' id='word_1_936' title='bbox 1819 4839 1852 4892; x_wconf 84' lang='lat' dir='ltr'>D.</span> <span class='ocrx_word' id='word_1_937' title='bbox 1865 4853 1904 4892; x_wconf 83' lang='grc' dir='ltr'>ιιι</span> 
     </span>
     <span class='ocr_line' id='line_1_140' title="bbox 1094 4907 1902 5028; baseline 0.004 -68"><span class='ocrx_word' id='word_1_938' title='bbox 1094 4907 1129 4960; x_wconf 82' lang='grc' dir='ltr'>ιιι.</span> <span class='ocrx_word' id='word_1_939' title='bbox 1149 4907 1212 4962; x_wconf 81' lang='lat' dir='ltr'>lice.</span> <span class='ocrx_word' id='word_1_940' title='bbox 1231 4907 1378 4962; x_wconf 85' lang='lat' dir='ltr'>Ravennae</span> <span class='ocrx_word' id='word_1_941' title='bbox 1395 4907 1451 4960; x_wconf 91' lang='lat' dir='ltr'>AA.</span> <span class='ocrx_word' id='word_1_942' title='bbox 1471 4913 1536 4960; x_wconf 83' lang='grc' dir='ltr'>ιιι</span> <span class='ocrx_word' id='word_1_943' title='bbox 1557 4921 1587 4960; x_wconf 88' lang='grc' dir='ltr'>ιι</span> <span class='ocrx_word' id='word_1_944' title='bbox 1602 4921 1689 4960; x_wconf 83' lang='grc' dir='ltr'>ιιιιι.</span> <span class='ocrx_word' id='word_1_945' title='bbox 1763 4907 1821 5028; x_wconf 68' lang='lat' dir='ltr'>Npr.</span> <span class='ocrx_word' id='word_1_946' title='bbox 1841 4907 1902 4978; x_wconf 79' lang='lat' dir='ltr'>tlt]</span> 
     </span>
    </p>

    <p class='ocr_par' dir='ltr' id='par_1_18' title="bbox 1094 4969 1904 5316">
     <span class='ocr_line' id='line_1_141' title="bbox 1130 4969 1904 5044; baseline -0.003 -14"><span class='ocrx_word' id='word_1_947' title='bbox 1130 4969 1255 5030; x_wconf 65' lang='lat' dir='ltr'>briaen</span> <span class='ocrx_word' id='word_1_948' title='bbox 1277 4973 1332 5030; x_wconf 87' lang='lat' dir='ltr'>AA.</span> <span class='ocrx_word' id='word_1_949' title='bbox 1365 4973 1503 5030; x_wconf 84' lang='lat' dir='ltr'>Vitaliano</span> <span class='ocrx_word' id='word_1_950' title='bbox 1528 4973 1590 5028; x_wconf 83' lang='lat' dir='ltr'>daci</span> <span class='ocrx_word' id='word_1_951' title='bbox 1612 4973 1722 5044; x_wconf 69' lang='lat' dir='ltr'>libyae.</span> <span class='ocrx_word' id='word_1_952' title='bbox 1790 4991 1848 5030; x_wconf 92' lang='lat' dir='ltr'>emo</span> <span class='ocrx_word' id='word_1_953' title='bbox 1871 4973 1904 5030; x_wconf 90' lang='lat' dir='ltr'>de</span> 
     </span>
     <span class='ocr_line' id='line_1_142' title="bbox 1094 5041 1902 5108; baseline 0 -12"><span class='ocrx_word' id='word_1_954' title='bbox 1094 5041 1247 5096; x_wconf 89' lang='lat' dir='ltr'>domesticis</span> <span class='ocrx_word' id='word_1_955' title='bbox 1273 5043 1371 5096; x_wconf 89' lang='lat' dir='ltr'>ducum</span> <span class='ocrx_word' id='word_1_956' title='bbox 1395 5043 1437 5098; x_wconf 89' lang='lat' dir='ltr'>vel</span> <span class='ocrx_word' id='word_1_957' title='bbox 1460 5041 1586 5096; x_wconf 89' lang='lat' dir='ltr'>comitum</span> <span class='ocrx_word' id='word_1_958' title='bbox 1610 5041 1776 5108; x_wconf 90' lang='lat' dir='ltr'>militarium,</span> <span class='ocrx_word' id='word_1_959' title='bbox 1806 5043 1902 5098; x_wconf 84' lang='lat' dir='ltr'>officiis</span> 
     </span>
     <span class='ocr_line' id='line_1_143' title="bbox 1094 5109 1902 5180; baseline 0 -16"><span class='ocrx_word' id='word_1_960' title='bbox 1094 5125 1185 5164; x_wconf 89' lang='lat' dir='ltr'>eorum</span> <span class='ocrx_word' id='word_1_961' title='bbox 1206 5111 1441 5178; x_wconf 65' lang='lat' dir='ltr'>connumeratnsi,</span> <span class='ocrx_word' id='word_1_962' title='bbox 1453 5117 1515 5180; x_wconf 90' lang='lat' dir='ltr'>post</span> <span class='ocrx_word' id='word_1_963' title='bbox 1538 5111 1698 5178; x_wconf 89' lang='lat' dir='ltr'>completum</span> <span class='ocrx_word' id='word_1_964' title='bbox 1718 5109 1760 5164; x_wconf 88' lang='lat' dir='ltr'>eui</span> <span class='ocrx_word' id='word_1_965' title='bbox 1776 5111 1902 5180; x_wconf 90' lang='lat' dir='ltr'>temporis</span> 
     </span>
     <span class='ocr_line' id='line_1_144' title="bbox 1094 5177 1901 5234; baseline 0.002 -2"><span class='ocrx_word' id='word_1_966' title='bbox 1094 5183 1184 5232; x_wconf 88' lang='lat' dir='ltr'>actum</span> <span class='ocrx_word' id='word_1_967' title='bbox 1205 5179 1241 5234; x_wconf 89' lang='lat' dir='ltr'>ad</span> <span class='ocrx_word' id='word_1_968' title='bbox 1263 5177 1374 5234; x_wconf 89' lang='lat' dir='ltr'>eandem</span> <span class='ocrx_word' id='word_1_969' title='bbox 1398 5194 1492 5234; x_wconf 87' lang='lat' dir='ltr'>rursus</span> <span class='ocrx_word' id='word_1_970' title='bbox 1514 5177 1718 5234; x_wconf 90' lang='lat' dir='ltr'>sollicitudinem</span> <span class='ocrx_word' id='word_1_971' title='bbox 1741 5177 1840 5234; x_wconf 87' lang='lat' dir='ltr'>audeat</span> <span class='ocrx_word' id='word_1_972' title='bbox 1854 5179 1901 5234; x_wconf 89' lang='lat' dir='ltr'>ad-</span> 
     </span>
     <span class='ocr_line' id='line_1_145' title="bbox 1094 5245 1902 5316; baseline 0.002 -16"><span class='ocrx_word' id='word_1_973' title='bbox 1094 5247 1209 5314; x_wconf 84' lang='lat' dir='ltr'>spirare:</span> <span class='ocrx_word' id='word_1_974' title='bbox 1234 5249 1326 5302; x_wconf 88' lang='lat' dir='ltr'>decem</span> <span class='ocrx_word' id='word_1_975' title='bbox 1343 5245 1403 5300; x_wconf 90' lang='lat' dir='ltr'>auri</span> <span class='ocrx_word' id='word_1_976' title='bbox 1419 5247 1549 5302; x_wconf 90' lang='lat' dir='ltr'>librarum</span> <span class='ocrx_word' id='word_1_977' title='bbox 1567 5245 1786 5302; x_wconf 89' lang='lat' dir='ltr'>condemnatione</span> <span class='ocrx_word' id='word_1_978' title='bbox 1802 5263 1851 5316; x_wconf 93' lang='lat' dir='ltr'>pro</span> <span class='ocrx_word' id='word_1_979' title='bbox 1873 5263 1902 5302; x_wconf 87' lang='lat' dir='ltr'>o·</span> 
     </span>
    </p>
   </div>
   <div class='ocr_carea' id='block_1_12' title="bbox 1098 4019 1379 4144">
    <p class='ocr_par' dir='ltr' id='par_1_19' title="bbox 1098 4019 1379 4144">
     <span class='ocr_line' id='line_1_146' title="bbox 1098 4019 1341 4090; baseline 0 -16"><span class='ocrx_word' id='word_1_980' title='bbox 1098 4021 1179 4076; x_wconf 90' lang='lat' dir='ltr'>fiscus</span> <span class='ocrx_word' id='word_1_981' title='bbox 1211 4019 1341 4090; x_wconf 89' lang='lat' dir='ltr'>adquirat.</span> 
     </span>
     <span class='ocr_line' id='line_1_147' title="bbox 1098 4089 1379 4144; baseline 0.004 -2"><span class='ocrx_word' id='word_1_982' title='bbox 1098 4089 1167 4142; x_wconf 87' lang='lat' dir='ltr'>doro</span> <span class='ocrx_word' id='word_1_983' title='bbox 1186 4091 1272 4144; x_wconf 72' lang='lat' dir='ltr'>coras.⁷</span> <span class='ocrx_word' id='word_1_984' title='bbox 1378 4103 1379 4108; x_wconf 75' lang='grc'>’</span> 
     </span>
    </p>
   </div>
   <div class='ocr_carea' id='block_1_13' title="bbox 1093 5313 1901 5438">
    <p class='ocr_par' dir='ltr' id='par_1_20' title="bbox 1093 5313 1901 5438">
     <span class='ocr_line' id='line_1_148' title="bbox 1093 5313 1901 5438; baseline 0 -70"><span class='ocrx_word' id='word_1_985' title='bbox 1093 5315 1152 5378; x_wconf 85' lang='lat' dir='ltr'>sita,</span> <span class='ocrx_word' id='word_1_986' title='bbox 1172 5315 1196 5368; x_wconf 91' lang='lat' dir='ltr'>si</span> <span class='ocrx_word' id='word_1_987' title='bbox 1213 5315 1271 5438; x_wconf 69' lang='lat' dir='ltr'>puis</span> <span class='ocrx_word' id='word_1_988' title='bbox 1289 5315 1359 5368; x_wconf 89' lang='lat' dir='ltr'>hanc</span> <span class='ocrx_word' id='word_1_989' title='bbox 1376 5315 1476 5368; x_wconf 91' lang='lat' dir='ltr'>violare</span> <span class='ocrx_word' id='word_1_990' title='bbox 1486 5315 1599 5370; x_wconf 90' lang='lat' dir='ltr'>voluerit</span> <span class='ocrx_word' id='word_1_991' title='bbox 1614 5313 1790 5368; x_wconf 87' lang='lat' dir='ltr'>sanctionem:</span> <span class='ocrx_word' id='word_1_992' title='bbox 1809 5331 1841 5370; x_wconf 93' lang='lat' dir='ltr'>ea</span> <span class='ocrx_word' id='word_1_993' title='bbox 1860 5331 1901 5370; x_wconf 88' lang='lat' dir='ltr'>ern</span> 
     </span>
    </p>
   </div>
   <div class='ocr_carea' id='block_1_14' title="bbox 1226 5381 1900 5450">
    <p class='ocr_par' dir='ltr' id='par_1_21' title="bbox 1226 5381 1900 5450">
     <span class='ocr_line' id='line_1_149' title="bbox 1226 5381 1900 5450; baseline 0.001 -12"><span class='ocrx_word' id='word_1_994' title='bbox 1226 5383 1286 5438; x_wconf 88' lang='lat' dir='ltr'>ficio</span> <span class='ocrx_word' id='word_1_995' title='bbox 1305 5398 1410 5450; x_wconf 91' lang='lat' dir='ltr'>quoque</span> <span class='ocrx_word' id='word_1_996' title='bbox 1429 5381 1615 5448; x_wconf 86' lang='lat' dir='ltr'>coercendo¹⁰‚</span> <span class='ocrx_word' id='word_1_997' title='bbox 1634 5383 1713 5450; x_wconf 89' lang='lat' dir='ltr'>siper</span> <span class='ocrx_word' id='word_1_998' title='bbox 1730 5381 1900 5438; x_wconf 89' lang='lat' dir='ltr'>ambitionem</span> 
     </span>
    </p>
   </div>
   <div class='ocr_carea' id='block_1_15' title="bbox 1091 5397 1212 5450">
    <p class='ocr_par' dir='ltr' id='par_1_22' title="bbox 1091 5397 1212 5450">
     <span class='ocr_line' id='line_1_150' title="bbox 1091 5397 1212 5450; baseline 0.017 -14"><span class='ocrx_word' id='word_1_999' title='bbox 1091 5397 1179 5450; x_wconf 90' lang='lat' dir='ltr'>poena</span> <span class='ocrx_word' id='word_1_1000' title='bbox 1198 5399 1212 5438; x_wconf 94' lang='lat' dir='ltr'>o</span> 
     </span>
    </p>
   </div>
   <div class='ocr_carea' id='block_1_16' title="bbox 1089 5553 1900 5892">
    <p class='ocr_par' dir='ltr' id='par_1_23' title="bbox 1089 5553 1900 5892">
     <span class='ocr_line' id='line_1_151' title="bbox 1090 5553 1900 5622; baseline 0.002 -18"><span class='ocrx_word' id='word_1_1001' title='bbox 1090 5553 1127 5604; x_wconf 86' lang='lat' dir='ltr'>sio</span> <span class='ocrx_word' id='word_1_1002' title='bbox 1137 5555 1161 5604; x_wconf 90' lang='lat' dir='ltr'>et</span> <span class='ocrx_word' id='word_1_1003' title='bbox 1177 5555 1315 5606; x_wconf 83' lang='lat' dir='ltr'>rumoridio</span> <span class='ocrx_word' id='word_1_1004' title='bbox 1332 5569 1392 5606; x_wconf 74' lang='lat' dir='ltr'>coss.</span> <span class='ocrx_word' id='word_1_1005' title='bbox 1411 5559 1484 5618; x_wconf 86' lang='lat' dir='ltr'>(=a.</span> <span class='ocrx_word' id='word_1_1006' title='bbox 1495 5557 1548 5622; x_wconf 73' lang='lat' dir='ltr'>tte)</span> <span class='ocrx_word' id='word_1_1007' title='bbox 1565 5555 1636 5620; x_wconf 79' lang='lat' dir='ltr'>Hal,</span> <span class='ocrx_word' id='word_1_1008' title='bbox 1654 5555 1699 5606; x_wconf 84' lang='lat' dir='ltr'>ssd</span> <span class='ocrx_word' id='word_1_1009' title='bbox 1711 5573 1785 5620; x_wconf 84' lang='lat' dir='ltr'>neque</span> <span class='ocrx_word' id='word_1_1010' title='bbox 1799 5555 1900 5622; x_wconf 82' lang='lat' dir='ltr'>impera·</span> 
     </span>
     <span class='ocr_line' id='line_1_152' title="bbox 1091 5623 1899 5692; baseline 0 -18"><span class='ocrx_word' id='word_1_1011' title='bbox 1091 5633 1165 5674; x_wconf 85' lang='lat' dir='ltr'>torum</span> <span class='ocrx_word' id='word_1_1012' title='bbox 1195 5627 1292 5676; x_wconf 82' lang='lat' dir='ltr'>aomina</span> <span class='ocrx_word' id='word_1_1013' title='bbox 1321 5641 1396 5690; x_wconf 84' lang='lat' dir='ltr'>neque</span> <span class='ocrx_word' id='word_1_1014' title='bbox 1420 5623 1548 5678; x_wconf 84' lang='lat' dir='ltr'>Messalae</span> <span class='ocrx_word' id='word_1_1015' title='bbox 1565 5627 1725 5692; x_wconf 69' lang='lat' dir='ltr'>praefectura</span> <span class='ocrx_word' id='word_1_1016' title='bbox 1754 5623 1809 5674; x_wconf 82' lang='lat' dir='ltr'>duic</span> <span class='ocrx_word' id='word_1_1017' title='bbox 1835 5641 1899 5674; x_wconf 84' lang='lat' dir='ltr'>anno</span> 
     </span>
     <span class='ocr_line' id='line_1_153' title="bbox 1091 5689 1899 5756; baseline 0 -14"><span class='ocrx_word' id='word_1_1018' title='bbox 1091 5693 1233 5744; x_wconf 83' lang='lat' dir='ltr'>conueniunt</span> <span class='ocrx_word' id='word_1_1019' title='bbox 1292 5689 1326 5756; x_wconf 82' lang='grc' dir='ltr'>(ι)</span> <span class='ocrx_word' id='word_1_1020' title='bbox 1345 5711 1378 5730; x_wconf 91' lang='grc'>--</span> <span class='ocrx_word' id='word_1_1021' title='bbox 1398 5691 1442 5742; x_wconf 81' lang='lat' dir='ltr'>Ti.</span> <span class='ocrx_word' id='word_1_1022' title='bbox 1462 5693 1565 5756; x_wconf 83' lang='lat' dir='ltr'>8‚1,1o</span> <span class='ocrx_word' id='word_1_1023' title='bbox 1625 5691 1660 5756; x_wconf 85' lang='lat' dir='ltr'>(s)</span> <span class='ocrx_word' id='word_1_1024' title='bbox 1678 5705 1750 5742; x_wconf 89' lang='lat' dir='ltr'>nemo</span> <span class='ocrx_word' id='word_1_1025' title='bbox 1768 5691 1797 5740; x_wconf 88' lang='lat' dir='ltr'>de</span> <span class='ocrx_word' id='word_1_1026' title='bbox 1815 5707 1899 5742; x_wconf 88' lang='lat' dir='ltr'>nume·</span> 
     </span>
     <span class='ocr_line' id='line_1_154' title="bbox 1089 5757 1898 5810; baseline 0.002 -2"><span class='ocrx_word' id='word_1_1027' title='bbox 1089 5759 1162 5808; x_wconf 86' lang='lat' dir='ltr'>rarlis</span> <span class='ocrx_word' id='word_1_1028' title='bbox 1179 5759 1217 5810; x_wconf 91' lang='lat' dir='ltr'>tui</span> <span class='ocrx_word' id='word_1_1029' title='bbox 1235 5757 1311 5810; x_wconf 85' lang='lat' dir='ltr'>officii</span> <span class='ocrx_word' id='word_1_1030' title='bbox 1328 5771 1371 5808; x_wconf 88' lang='lat' dir='ltr'>seu</span> <span class='ocrx_word' id='word_1_1031' title='bbox 1390 5759 1529 5810; x_wconf 89' lang='lat' dir='ltr'>domesticis</span> <span class='ocrx_word' id='word_1_1032' title='bbox 1547 5759 1587 5810; x_wconf 91' lang='lat' dir='ltr'>vel</span> <span class='ocrx_word' id='word_1_1033' title='bbox 1604 5759 1743 5810; x_wconf 78' lang='lat' dir='ltr'>somniariis</span> <span class='ocrx_word' id='word_1_1034' title='bbox 1760 5759 1811 5810; x_wconf 88' lang='lat' dir='ltr'>sive</span> <span class='ocrx_word' id='word_1_1035' title='bbox 1829 5759 1898 5810; x_wconf 88' lang='lat' dir='ltr'>adiu-</span> 
     </span>
     <span class='ocr_line' id='line_1_155' title="bbox 1089 5825 1576 5892; baseline 0.004 -16"><span class='ocrx_word' id='word_1_1036' title='bbox 1089 5825 1185 5876; x_wconf 85' lang='lat' dir='ltr'>toribus</span> <span class='ocrx_word' id='word_1_1037' title='bbox 1206 5827 1249 5878; x_wconf 78' lang='lat' dir='ltr'>rr.</span> <span class='ocrx_word' id='word_1_1038' title='bbox 1323 5825 1368 5890; x_wconf 82' lang='lat' dir='ltr'>(tu)</span> <span class='ocrx_word' id='word_1_1039' title='bbox 1386 5827 1512 5892; x_wconf 85' lang='lat' dir='ltr'>proposita</span> <span class='ocrx_word' id='word_1_1040' title='bbox 1532 5829 1576 5880; x_wconf 85' lang='lat' dir='ltr'>Ti.</span> 
     </span>
    </p>
   </div>
   <div class='ocr_carea' id='block_1_17' title="bbox 0 0 2138 6266">
    <p class='ocr_par' dir='ltr' id='par_1_24' title="bbox 0 0 2138 6266">
     <span class='ocr_line' id='line_1_156' title="bbox 0 0 2138 6266; baseline 0 0"><span class='ocrx_word' id='word_1_1041' title='bbox 0 0 2138 6266; x_wconf 95' lang='lat' dir='ltr'> </span> 
     </span>
    </p>
   </div>
  </div>
 </body>
</html>
