4276 6276
252 375 292 422 11
313 359 462 416 cusanam
1054 347 1096 420 35

1847 375 1905 440 la

927 443 1227 458 *affl—nmmum*

250 551 300 610 pue
326 527 482 590 monachas,
508 527 570 582 licet
594 547 648 586 non
665 533 718 586 sint
737 533 838 600 clerici,
862 533 1052 588 inmunitatem

250 611 306 674 ipso
328 599 384 652 iare
408 609 498 648 omnes
520 595 617 654 habere
641 603 739 656 tutelae
760 603 814 656 sive
837 601 1053 656 testamentariae
1103 609 1118 660 2

251 677 302 728 slve
327 661 459 732 legitimae
485 663 538 718 sire
564 665 681 722 dativae:
709 673 735 722 et
761 685 816 724 111
841 667 927 722 solum
952 671 1052 724 tutelae

250 753 306 796 1111
329 747 374 786 111
398 735 532 800 expertia,
555 735 601 788 111
620 737 804 800 1111111111,
827 751 880 788 111
899 737 984 790 solum
1001 755 1051 806 pu-

248 807 369 878 pillarum
395 801 422 850 11
447 797 611 872 adultorum,
638 803 685 858 sed
710 807 738 856 et
763 803 856 856 furiosi
881 809 909 856 et
933 805 1000 860 muti
1024 809 1052 860 et

249 869 321 932 sardi
338 871 364 920 et
381 863 492 920 aliarum
509 885 689 938 personarum,
713 869 807 938 qulbus
824 875 927 926 tutores
944 873 986 926 rel
1004 889 1050 926 cu·

252 951 261 996 l
296 941 398 992 ratores
421 947 437 986 1
461 935 593 992 veteribus
614 937 717 1004 legibus
741 935 846 992 dantur.
887 939 943 994 Eos
961 945 1050 994 111111

249 1007 357 1064 clericos
380 1005 406 1052 11
428 1005 572 1058 monachos
597 1003 748 1058 huiusmodi
770 1007 870 1060 habere
893 1007 1050 1064 beneficium

248 1073 386 1134 sancimus,
404 1071 450 1136 qui
467 1073 500 1124 ad
518 1079 702 1126 sacrosanctas
720 1073 846 1130 eeclesias
858 1075 899 1128 vel
916 1081 1048 1130 monaste·

247 1147 285 1202 ria
309 1143 477 1208 permanent,
503 1155 555 1192 nan
583 1139 740 1208 devagantes
762 1157 847 1210 neque
872 1141 1049 1198 1111111111

246 1205 405 1268 ministeria¹
428 1205 543 1270 desides,
569 1223 630 1260 cum
650 1213 759 1276 propter
776 1211 826 1264 hoc
843 1211 931 1280 ipsum
948 1211 1047 1268 benefi-

248 1281 313 1334 cium
336 1271 373 1326 eis
392 1271 567 1340 indulgemus,
590 1281 620 1328 ut
638 1277 696 1328 aliis
713 1277 836 1334 omnibus
855 1279 987 1336 derelictis
1006 1281 1047 1334 del

247 1355 260 1402 χ
294 1339 480 1406 omnipotentis
498 1341 651 1398 inhaereant
668 1343 828 1400 ministeriis
872 1347 909 1401 Et
925 1349 975 1402 hac
994 1367 1047 1404 111

245 1415 327 1470 salam
347 1409 375 1460 in
396 1415 483 1462 111111
500 1409 585 1464 Rama
602 1413 642 1466 rel
665 1411 693 1466 in
710 1413 761 1466 hae
779 1415 851 1484 regia
869 1415 983 1484 ciuitate,
1002 1419 1047 1472 sed

245 1475 457 1542 decennitates,
481 1477 640 1548 ubicumque
659 1479 868 1538 Christianorum
886 1499 983 1538 1111111
1001 1503 1045 1542 co·

245 1551 312 1612 11111,
330 1543 448 1614 obtinere
465 1545 606 1598 sancimus.
642 1547 675 1602 D.
691 1547 715 1602 lc.
728 1547 795 1604 Noa.
806 1553 1046 1622 1111111111-

243 1613 318 1688 γσιίίί
335 1617 361 1664 et
379 1611 480 1666 Orestis
498 1631 537 1668 aa.
555 1629 592 1666 oc.
926 1621 962 1692 [o.
983 1621 1044 1692 131]

248 1685 249 1688 ’
276 1677 314 1740 52
334 1673 393 1744 (53)
412 1673 454 1732 2Ὁ
473 1677 551 1734 αὐτὸς
572 1679 696 1748 βασιλεύς
711 1679 822 1758 Ἰωάννη
840 1683 948 1760 ἐπάρχῳ
966 1709 1045 1744 ποαι·

244 1755 356 1824 τωρίων.
393 1749 559 1816 θεσπίζομεν
575 1747 678 1818 μηδένα
695 1751 834 1808 παντελῶς
850 1751 917 1824 μήτε
938 1763 989 1826 βου
1007 1779 1044 1808 ευ-

243 1819 289 1886 τήυ
308 1811 375 1886 μήτε
397 1813 536 1882 ταξεῶτην
560 1819 708 1872 ἐπίσκοπον
733 1817 750 1886 ἢ
781 1819 965 1896 πρεσβύτερον
996 1829 1044 1880 τοῦ

244 1885 333 1940 λοιπού
350 1885 484 1954 γίνεσθαι,
504 1879 582 1938 σύδέν
596 1889 783 1958 ἐφαπτομένου
800 1889 878 1944 rodda
896 1895 942 1946 τού
961 1889 1044 1962 νόμον

246 1957 297 2010 τῶν
322 1949 444 2016 τοιαύτης
470 1949 612 2024 ἱερωσύνης
638 1953 769 2030 πρότερον
794 1955 964 2026 ἠξιωμένων,
996 1963 1044 2014 τού

242 2021 331 2076 λοιποῦ
358 2015 387 2070 δέ
411 2017 513 2086 μηδένα
539 2021 678 2076 παντελῶς
703 2027 732 2076 έκ
753 2027 798 2092 τής
823 2027 960 2100 εἰρημένης
977 2027 1044 2084 ὄντα

243 2091 315 2156 τύχης
332 2087 367 2138 εἰς
384 2085 430 2138 τοὶς
447 2089 576 2158 ῥηθείσας
593 2089 723 2162 ἱερατείας
739 2087 912 2164 ἀναβαίνειν,
933 2103 978 2150 καὶ
995 2093 1043 2166 μά-

242 2159 315 2212 λιστα
334 2155 357 2208 εἰ
373 2159 417 2206 καῖ
434 2153 484 2222 ἤδη
503 2155 687 2244 λειτουργήσας
704 2155 964 2226 ήτσῖςταξεωτικοῖς
977 2161 1042 2232 dnn·

245 2233 252 2280 l
287 2219 396 2296 ρετήσας
419 2225 511 2290 ἔτυχεν
533 2227 703 2300 ἐπεταγμασι.
748 2227 798 2282 Τὸν
820 2229 870 2304 γάρ
893 2233 1042 2306 ἐντεθραμ-

241 2297 318 2350 αένον
341 2291 402 2344 clare
419 2287 492 2354 άξεσι
515 2291 641 2364 σφοδραῖς
662 2301 706 2348 καῖ
726 2303 780 2350 τοῖς
797 2295 841 2350 διὰ
858 2301 938 2354 τοῦτο
957 2301 1041 2354 15ςεί-

240 2361 281 2414 κός
297 2309 536 2426 έπισνμηῖαίνονσιν
553 2357 741 2436 ἁμαρτήμασιν
758 2361 804 2420 ούκ
827 2363 861 2420 ἂν
878 2369 917 2434 εἰη
939 2367 1043 2422 δίκαιον

242 2429 297 2502 ἱρτι
316 2429 369 2512 μέν
390 2427 458 2480 εἶναι
479 2425 618 2498 ταξετύτην
640 2429 656 2498 ἢ
678 2429 823 2502 βουλευτήν
845 2439 888 2486 καί
913 2433 1043 2512 πράττειν

242 2501 270 2550 ιὰ
287 2515 399 2548 παντων
416 2493 573 2570 πικρότατα,
591 2495 673 2552 εύθύς
691 2497 720 2552 δέ
737 2501 808 2576 ἱερέα
824 2507 1041 2568 χειροτονεῖσθαι

242 2573 300 2642 περὶ
319 2567 528 2640 φιλανθρωπίας
545 2589 574 2622 τε
592 2575 636 2624 καὶ
653 2561 837 2638 ἇκτημοσύνης
857 2575 1042 2630 νουθετοῦντα

241 2643 282 2690 καὶ
297 2633 498 2720 ὑφηγούμενον3
513 2633 648 2710 δόγματα·
665 2637 737 2706 πλὴν
751 2641 774 2692 εἰ
787 2641 823 2710 μή
837 2645 866 2694 dae
881 2649 978 2708 νηπίας
989 2639 1041 2712 ἡλι-

240 2713 295 2760 κίας
311 2711 356 2756 καὶ
377 2725 453 2758 ουπω
470 2705 520 2774 τήν
534 2709 637 2778 έφηβον
651 2707 762 2776 ἐκβάσης
777 2711 852 2776 ἔτυχε
865 2715 921 2764 τοῖς
935 2707 1041 2780 εύλαβε-

240 2773 342 2828 στάσεις
357 2779 482 2842 μοναχοῖς
500 2775 751 2848 ἐγκαταλελεγμένος
769 2783 813 2832 καῖ
836 2777 973 2848 διαμείνας
996 2783 1041 2834 irai

239 2843 333 2898 τούτου
346 2843 393 2894 τού
407 2839 551 2912 σχήματος·
566 2847 712 2912 τηνικαῦτα
726 2843 777 2918 γὰρ
787 2849 894 2918 ἐφίεμεν
910 2845 984 2916 αύτῷ
996 2851 1040 2900 καί

240 2915 409 2984 πρεσβυτέρῳ
426 2911 557 2984 γενέσθαι
575 2917 619 2966 καὶ
636 2915 672 2966 εἰς
689 2915 839 2982 ἐπισκοπὴν
856 2913 957 2980 ἐλθεῖν,
976 2913 1040 2990 πρό·

239 2977 318 3046 δηλον
335 2977 375 3046 όν,
393 2973 436 3046 ῶς,
454 2975 531 3046 ήνίκα
545 2981 670 3034 τοιοῦτόν
684 3001 710 3034 τι
724 2987 834 3054 γένηται
848 2987 892 3034 καὶ
907 2981 978 3046 ἄξιος
995 2987 1041 3050 τῆς

241 3047 367 3120 ἱερατείας
382 3049 454 3122 φανῇ
462 3049 480 3112 ⁴,
495 3053 643 3116 τηνικαῦτα
657 3047 752 3102 ἄδειαν
766 3051 818 3114 ἔξει
829 3055 921 3120 μένειν
935 3055 980 3106 ἐπὶ
995 3053 1041 3118 της

239 3115 382 3188 ἱερωσύνης
395 3121 440 3170 καῖ
455 3119 502 3170 τοῦ
517 3115 678 3190 λειτουργεῖν
689 3113 869 3186 ἀπηλλάχθαι,
884 3117 935 3186 τήν
947 3117 1039 3192 τετάρ-

239 3205 287 3252 την
299 3191 399 3256 μέντοι
404 3191 452 3254 μοῖ
469 3207 502 3238 αν
516 3189 562 3254 τῆς
578 3185 659 3240 αὐτοῦ
675 3193 827 3258 περιουσίας
839 3185 944 3254 ἀπάσης
958 3193 1038 3262 παρέ-

240 3257 310 3318 χων5
328 3259 384 3308 τοῖς
395 3203 549 3322 βουλευταῖς
562 3259 606 3308 καῖ
624 3257 665 3322 τῷ
680 3251 799 3324 δημοσίῳ
815 3253 884 3310 κατὰ
898 3255 947 3308 τὸν
962 3259 1038 3330 έναγ-

240 3341 279 3384 χος
288 3325 331 3378 ἐπὶ
341 3327 396 3376 τοῖς
404 3329 620 3396 τεταρτημορίοις
628 3323 747 3378 τεθέντα
758 3319 825 3394 παρ’
838 3317 916 3392 ήμῶν
929 3323 1037 3394 νόμονθ,

1024 3433 1524 3456 Ἣ

240 3491 259 3552 1)
279 3489 395 3554 mysteria
411 3491 469 3542 libri
486 3491 543 3542 boni
559 3503 643 3542 contra
663 3491 770 3544 Graecos
839 3493 871 3556 (1)
890 3511 910 3542 1.
929 3503 955 3546 dt
973 3505 1038 3544 11111

233 3559 253 3608 Ἰ1
276 3559 344 3624 Coit,
368 3579 409 3626 pr.
428 3589 459 3596 —
483 3567 532 3620 dl.
555 3569 585 3610 1³,
610 3571 632 3612 ll
655 3563 679 3612 in
698 3559 798 3612 Nomou.
885 3563 916 3624 (3)
941 3561 1037 3614 νουθε-

231 3627 328 3678 τοῦντα
345 3629 390 3678 καὶ
412 3619 597 3698 ύ-φηγούμενον
620 3629 687 3694 doit,
698 3627 902 3694 νομοθετοῦντα
918 3631 972 3694 (om.
993 3633 1037 3680 καὶ

230 3687 420 3764 εἰσηγούμενον)
439 3699 538 3750 Nomou.
615 3699 646 3762 (1)
668 3701 764 3764 φανείη
785 3699 842 3750 libri
909 3695 1036 3764 (1)ήί11.

266 3887 304 3946 52
331 3889 407 3946 Idem
425 3893 456 3944 A.
476 3887 594 3944 Iobonni
604 3907 663 4012 φφ.
707 3887 862 3956 Sanctum,
889 3895 920 3944 at
946 3891 1038 3970 nullas

235 3959 340 4014 omuino
367 3959 479 4014 curialis
503 3957 546 4012 ael
570 3971 602 4012 oo
623 3957 720 4012 ortulis
749 3959 779 4012 in
803 3963 941 4030 posterum
968 3975 1036 4012 ecs-

234 4041 316 4106 eopus
338 4025 381 4082 ael
398 4025 543 4106 presbyter
557 4025 623 4094 sint:
647 4025 695 4096 qui
717 4031 798 4082 anteo
818 4025 866 4082 toli
882 4043 960 4082 sacer
977 4025 1035 4082 otia

234 4091 307 4166 deqni
324 4093 502 4160 dubitarunt,
525 4091 576 4148 boo
598 4093 657 4166 leae
674 4109 729 4148 non
747 4101 904 4166 teneantur,
913 4093 1037 4172 postboo

233 4169 320 4218 aretem
336 4179 413 4218 nemo
437 4161 545 4218 omnino
569 4161 616 4232 qui
632 4169 795 4218 memoratae
812 4161 980 4218 condicionis
996 4165 1037 4218 est

234 4229 416 4302 adpraedioto
430 4229 582 4284 sacedotia
596 4229 715 4296 accedat,
723 4229 918 4300 praesertimsi
925 4231 980 4286 iam
988 4230 1035 4284 mi-

1103 531 1119 602 ἢ
1139 559 1216 608 μσνιρ
1232 543 1281 620 κτῶ
1299 539 1431 612 δημοσίῳ,
1455 547 1506 620 εῖγε
1528 551 1687 618 ταξεωτικής
1704 547 1782 618 τύχης
1799 551 1905 644 ἐτύγχα-

1153 627 1200 660 νεν
1221 627 1268 660 ων.
1302 611 1338 660 Εἰ
1363 607 1393 662 δέ
1418 621 1462 668 καί
1487 619 1518 670 έν
1540 625 1594 672 τοῖς
1615 617 1818 688 εύλαβεστάτοις
1833 645 1903 698 αρχι-

1101 671 1401 758 μφνδρίταγςηταχθείη
1427 687 1471 734 καὶ
1497 683 1674 754 διαμείνειεν7
1701 689 1731 740 έν
1748 685 1843 756 αύτοῖς,
1861 695 1905 744 καὶ

1102 761 1187 823 aaran
1210 761 1284 824 αυηῳ
1302 739 1412 824 δίδομεν
1428 747 1477 814 τὴν
1493 755 1539 818 τῆς
1556 753 1633 822 τύχης
1649 751 1777 822 άτέλειαν,
1798 757 1848 824 τὴν
1865 779 1905 812 τε·

1100 829 1202 894 ταρτην
1227 809 1371 890 καγταυθα
1397 819 1492 886 μοῖραν
1510 821 1555 886 τῆς
1577 823 1658 880 edred
1678 845 1712 882 πε
1730 833 1836 890 ιουσίας,
1859 849 1903 880 κα-

1100 877 1191 950 θαπερ
1209 879 1329 932 εἴπαντες
1346 881 1476 948 ἕφθημεν,
1495 899 1681 962 παρεχομέυω·
1697 845 1783 948 άλλως
1800 891 1830 946 δέ
1844 893 1904 946 ούτε

1100 947 1193 1014 ε’κείνιρ
1211 947 1425 1018 χειροτονεῖσθαι
1442 959 1626 1028 συγχωροῖμεν
1643 947 1704 1016 dira
1725 965 1764 1016 τῶ
1788 981 1902 1034 χειρετο·

1100 1017 1114 1066 3
1149 1015 1242 1068 νούντι
1264 1013 1386 1068 τοιοῦτόν
1409 1033 1436 1070 τι
1458 1017 1588 1092 πράττειν
1604 1031 1719 1100 ἐφίεμεν,
1749 1013 1902 1086 ‘Pandoouoi-

1100 1097 1145 1148 σης
1161 1083 1206 1148 τῆς
1223 1083 1269 1148 abe
1282 1079 1418 1154 ὑπεροχῆς,
1437 1079 1472 1138 εἰς
1486 1087 1572 1142 ταῦτα
1584 1097 1807 1166 παραφυλακτέον
1817 1095 1903 1154 ἅπασι

1098 1153 1152 1202 τοῖς
1177 1147 1396 1234 θεοφιλεότάτοις
1421 1151 1575 1208 ἐπισκόποις
1600 1165 1698 1232 ποινήν
1723 1163 1738 1220 d
1760 1173 1903 1244 ορωμένοις

1098 1221 1158 1288 περὶ
1175 1213 1257 1286 αύτην
1272 1217 1322 1286 τήν
1337 1217 1490 1292 ἱερωσύνην,
1505 1223 1563 1276 εῖτι
1571 1229 1677 1280 τοιοῦτο
1686 1189 1824 1304 nauigamus,
1837 1235 1902 1292 ποὺς

1097 1283 1128 1338 τὸ
1145 1283 1213 1354 μηδὲ
1229 1283 1279 1340 τὸν
1294 1285 1527 1360 χειροτονούμενον
1550 1293 1595 1358 τῆς
1619 1281 1760 1368 ἱερωσύνης
1787 1289 1901 1358 ducibui·

1098 1373 1145 1418 ειν,
1172 1349 1223 1406 κάν
1249 1355 1273 1406 εἰ
1298 1373 1320 1408 π
1337 1353 1431 1424 ότερσν
1457 1355 1613 1426 οἱσνδήποτε
1638 1365 1751 1434 βαθμὸν
1773 1373 1902 1444 dequestus

1097 1423 1209 1486 ἐπεῖχεν,
1232 1417 1293 1474 ἀλλ’
1318 1445 1348 1474 εν
1365 1419 1486 1478 ἰδιώταις
1503 1427 1635 1494 τετάχθαι
1658 1439 1702 1484 καὶ
1724 1439 1770 1490 τὰς
1787 1439 1901 1514 λειτουρ-

1096 1495 1111 1542 1
1145 1487 1337 1560 γίαςέκτελεῖν,
1356 1485 1677 1570 αίςύπέκειτοπρότερον.
1700 1495 1782 1578 ’Ἀπερ
1791 1503 1900 1562 ἅπαντα

1096 1561 1203 1628 κρατεῖν
1229 1557 1264 1608 εἰς
1289 1557 1339 1612 τὸν
1364 1559 1456 1630 ἐφεξῆς
1481 1559 1638 1632 βουλόμεθα
1669 1565 1777 1640 χρόνον,
1809 1575 1900 1642 ἐπειδὴ

1097 1625 1206 1676 τοίνυνῦ
1229 1625 1340 1694 πρῶτον
1360 1621 1407 1698 ὑφ’
1433 1623 1510 1698 ἡμῶν
1532 1629 1676 1714 ἐξεύρηται,
1700 1631 1730 1688 ού
1748 1657 1899 1712 προσαπτο-

1094 1695 1176 1760 μένον
1199 1691 1338 1776 παντελῶέ
1361 1691 1439 1748 τοῦδε
1460 1699 1506 1750 τού
1524 1719 1613 1766 νομου,
1638 1699 1763 1778 καθάπερ
1780 1703 1899 1764 εἰπόντες

1095 1759 1227 1844 έφθγημεν,
1244 1763 1302 1814 τῶν
1319 1763 1394 1826 απαξ
1409 1763 1533 1832 τοιαύτης
1551 1765 1694 1838 ἱερωσύνης
1712 1765 1899 1842 ἀξιωθέντων,

1094 1825 1143 1880 αλλ
1184 1825 1308 1888 ἐξουσίαν
1334 1827 1453 1898 ἐχόντων
1479 1829 1571 1888 αύτῶν
1597 1833 1635 1890 δι’
1668 1833 1899 1896 ύποκαταστάτωυ

1094 1895 1254 1978 λειτουργεῖν
1277 1897 1344 1952 κατὰ
1369 1899 1419 1966 τήν
1443 1899 1584 1956 Θεοδοσίου
1610 1911 1653 1958 καῖ
1678 1903 1899 1964 Ούαλεντινιανοῦ

1094 1965 1152 2018 τῶν
1169 1979 1215 2030 της
1232 1959 1355 2036 εύσεβούς
1372 1963 1469 2032 λήξεως
1486 1967 1627 2034 διάταξιν9
1648 1973 1698 2042 τὴν
1715 1973 1780 2050 πρός
1799 1981 1899 2046 Θωμᾶν

1094 2039 1108 2086 5
1144 2027 1390 2108 ἀναγεγραμμένην
1400 2039 1426 2090 ¹⁰.
1459 2037 1530 2112 Πρὸς
1543 2035 1646 2096 τούτοις
1668 2039 1772 2098 κάκεῖνσ
1793 2043 1898 2100 δίκαιον

1094 2099 1163 2152 εἶναι
1180 2105 1224 2150 καὶ
1242 2107 1349 2174 κρατεῖν
1366 2109 1410 2156 καὶ
1427 2103 1620 2162 πολιτεύεσθαι
1637 2111 1810 2180 θεσπίζομςν,
1830 2111 1896 2188 ὅπερ

1092 2169 1176 2222 τεθέν
1198 2167 1227 2230 ἐξ
1249 2165 1327 2244 ἀρχῆς
1349 2175 1393 2222 καῖ
1415 2171 1641 2244 πολιτευσάμενσν
1666 2175 1713 2230 ούκ
1730 2181 1807 2248 ἴσμεν
1824 2177 1897 2236 ὅπως

1093 2237 1248 2308 παρῶπται.
1288 2235 1452 2308 μεμνήμεθα
1473 2241 1524 2314 γάρ
1542 2239 1680 2316 Ἀρκαδίαν
1705 2253 1749 2300 καὶ
1772 2243 1896 2322 Ὁνωρίον

1092 2305 1150 2358 τῶν
1173 2307 1219 2372 τῆς
1241 2303 1363 2376 εύσεβούς
1381 2303 1477 2374 λήξεως
1499 2309 1650 2378 ἐντυχόντες
1667 2311 1813 2378 διατάξειΗ
1836 2323 1896 2384 βου-

1093 2369 1189 2444 λομένῃ
1206 2371 1267 2426 τούς
1283 2373 1425 2448 κληρικούς,
1448 2379 1521 2448 εἰπερ
1538 2373 1715 2448 ἀμελήσαντες
1730 2381 1835 2450 τύχοιεν
1852 2387 1896 2454 της

1093 2441 1197 2494 ἑαυτῶν
1203 2437 1302 2504 τάξεως
1311 2447 1354 2496 καὶ
1364 2443 1566 2512 είςοὶανδήποτε
1575 2447 1689 2504 ἔνοπλον
1696 2459 1840 2522 στρατείαν
1846 2475 1895 2510 πα-

1091 2507 1258 2582 ραγγείλαιεν
1275 2507 1290 2576 ή
1308 2515 1352 2564 καί
1363 2513 1547 2588 καθηρημένοι
1560 2515 1633 2592 παρὰ
1649 2519 1707 2572 τῶν
1719 2519 1893 2590 θεοφιλεστά-

1091 2597 1148 2630 των
1175 2575 1332 2632 ἐπισκόπων
1352 2579 1554 2654 στρατεύεσθαχ
1574 2583 1747 2654 τολμήσαιεν,
1774 2585 1893 2642 indutiis·

1091 2645 1160 2698 σθαι
1169 2649 1219 2714 μέν
1229 2643 1323 2702 αύτούς
1331 2651 1377 2714 τῆς
1386 2657 1524 2724 στρατείας
1538 2651 1566 2718 ής
1578 2655 1679 2720 έτνχσν,
1689 2637 1893 2726 παραδίδοσθαι

1091 2711 1120 2766 δὲ
1136 2719 1194 2768 ταῖς
1211 2717 1269 2768 τῶν
1279 2711 1386 2770 πόλεων
1394 2717 1508 2786 βουλαῖς,
1525 2713 1740 2794 ύπονργήσοντας
1754 2723 1785 2778 τὸ
1800 2723 1894 2780 λοιπόν

1091 2783 1130 2848 τῶ
1140 2777 1268 2850 δημοσίῳ,
1284 2781 1377 2852 ἐπειδή
1390 2789 1434 2838 καί
1450 2787 1482 2860 τῇ
1496 2789 1542 2840 τού
1556 2785 1688 2844 δεσπότου
1703 2793 1769 2844 θεοῖ
1785 2791 1893 2866 λατρεία

1089 2867 1157 2900 κατα
1179 2849 1229 2902 τὸν
1250 2853 1295 2918 τῆς
1319 2859 1458 2926 στρατείας
1484 2849 1586 2928 τρόπον
1609 2861 1703 2924 έτνχον
1725 2853 1892 2916 ἀπειπόντες.

1091 2921 1105 2970 ὃ
1135 2913 1219 3038 Ἅπεη
1236 2925 1344 2992 κρατεῖν
1362 2923 1390 2972 ἐκ
1413 2919 1490 2974 τοῦδε
1509 2919 1586 2990 ἡμῶν
1602 2925 1769 2994 θεσπίζομεν
1785 2931 1832 2982 τοῦ
1850 2927 1891 2982 νό-

1088 3005 1146 3052 μον,
1169 3005 1198 3038 κε
1215 2981 1319 3040 εύοντες
1336 2983 1429 3052 αύτούς
1446 2987 1526 3042 εὐθύς
1543 2995 1587 3042 καὶ
1604 3011 1695 3066 παραχ
1712 2995 1764 3062 ”uu
1782 2999 1828 3062 τῆς
1845 2993 1891 3050 πό-

1089 3051 1154 3106 λεως
1180 3055 1286 3122 έκείνης,
1313 3055 1341 3118 ἐξ
1364 3053 1392 3122 irs
1409 3057 1473 3122 εἰσί,
1496 3059 1623 3128 γίνεσθαι
1645 3067 1695 3128 βου
1725 3059 1794 3128 aeds,
1817 3065 1892 3134 εἰμὴ

1088 3119 1193 3194 σφόδρα
1216 3117 1344 3192 εύπορίαν
1367 3123 1421 3188 ἔχει
1444 3125 1597 3194 βουλευτῶν
1620 3123 1735 3194 ἡπόλις,
1762 3135 1892 3206 ἐπείτοιγε

1088 3191 1133 3254 τῆς
1157 3195 1275 3262 γείτονος
1300 3187 1378 3258 duel
1403 3197 1566 3266 πορρωτέρω
1588 3201 1663 3264 με’χι
1685 3199 1746 3266 μιᾶς
1765 3203 1890 3272 ἐπαρχίας

1088 3257 1185 3330 ἑτέρας,
1204 3257 1276 3310 ένθα
1292 3255 1407 3328 μάλιστα
1427 3259 1579 3328 βουλευτῶν
1595 3217 1761 3330 καθέστηκεν
1784 3263 1890 3342 άπορία.

1088 3329 1101 3378 'l
1137 3327 1173 3378 Εἰ
1190 3323 1220 3378 δέ
1236 3321 1352 3398 ἀφανεῖς,
1371 3323 1406 3380 ῶς
1423 3325 1497 3396 εἰκός,
1514 3335 1649 3402 γένοιντο,
1673 3329 1765 3386 ἄδειαν
1783 3333 1890 3404 δίδομεν

1823 3455 1877 3464 η...-

1090 3495 1189 3548 Nomoc.
1247 3497 1280 3560 (1)
1304 3499 1424 3560 tonum
1482 3503 1512 3560 (1)
1532 3493 1654 3568 διαμείνῃ
1674 3499 1742 3560 doit,
1765 3493 1898 3564 διαμείνοι

1089 3565 1190 3618 Nomou.
1260 3567 1291 3626 (8)
1318 3559 1541 3618 abstollentes
1609 3569 1641 3632 (tl)
1667 3561 1818 3628 διατάξεων
1838 3569 1896 3620 doti.

1091 3635 1149 3686 libri
1163 3635 1221 3686 111·
1287 3637 1366 3696 (talc
1385 3635 1482 3686 1111
1554 3637 1795 3698 (11)Τ1.11,1,11

1600 3819 1723 3826 ,μ-
1733 3819 1833 3826 --,...--
1838 3821 1887 3826 ......,-.

1162 3815 1886 3842 Υ’11--··--ιιν1μ---αι-ιι-ιιι-ι-ιι--ι-ι---ι-ιι-ιι-ψμ,-ιιι-ιιι---ι-ικιι....,.ω.,..ηω-.ιιι-ι·

1087 3891 1297 3962 reliqiosissimis
1326 3895 1461 3964 episeopis
1492 3893 1659 3950 obseruando
1690 3911 1746 3950 esse
1771 3913 1890 3968 poenam

1088 3959 1161 4012 circa
1183 3959 1363 4016 soradotium
1386 3959 1473 4032 τ’μεκντ
1496 3961 1689 4034 expectatura,
1713 3963 1821 4034 siquid
1838 3965 1891 4018 talc

1087 4027 1202 4094 fodant,
1220 4027 1374 4082 ordinatum
1390 4035 1533 4102 praetereo
1550 4045 1636 4100 neque
1652 4029 1805 4086 sacerdotio
1821 4031 1890 4102 riui,

1088 4095 1193 4148 tametsi
1214 4101 1296 4150 antea
1313 4095 1456 4166 quemlibet
1477 4097 1619 4150 clericatus
1635 4097 1750 4168 aradum
1768 4099 1890 4166 tenuerit,

1085 4159 1134 4216 sed
1155 4161 1226 4216 inter
1249 4163 1334 4218 laicos
1350 4163 1487 4218 numerari
1503 4169 1530 4218 el
1546 4181 1657 4220 munera
1674 4163 1772 4232 subire,
1795 4167 1890 4238 quiores

1085 4235 1100 4282 4
1135 4235 1215 4284 autea
1238 4229 1398 4286 srdiooebat.
1434 4231 1509 4298 Quae
1532 4231 1667 4310 omnialin
1682 4235 1809 4302 futurum
1829 4241 1885 4290 tern-

234 4297 357 4354 m'straail
374 4297 416 4354 ael
425 4301 502 4370 forte
518 4295 696 4352 cobortoliuis
713 4297 877 4354 iussionibus
895 4295 1034 4354 oboedivit,
1080 4313 1137 4368 nus
1154 4295 1242 4352 ualere
1259 4299 1389 4364 uolumus,
1413 4301 1477 4378 quia
1500 4315 1572 4352 nano
1586 4315 1703 4370 nmmum
1721 4319 1737 4354 a
1755 4301 1833 4356 uobis
1849 4303 1889 4356 iu-

237 4369 246 4414 l
282 4367 375 4448 Neque
397 4367 465 4420 enim
488 4367 587 4420 iustum
605 4371 674 4420 esset
689 4383 756 4430 eum,
778 4367 828 4490 ηνῖ
845 4365 969 4422 adoleatis
986 4383 1035 4422 εα-

234 4433 382 4490 actc'ombus
404 4441 432 4490 et
442 4433 566 4508 peccatis
602 4451 672 4504 quoe
692 4433 735 4490 bis
751 4435 777 4490 ai
796 4433 873 4490 elioet
889 4433 1035 4508 admiscen-

232 4505 282 4562 tur,
296 4499 444 4554 descenditur
456 4505 505 4564 est,
518 4499 598 4554 modo
613 4499 779 4554 aodortolem
788 4497 830 4550 ael
837 4497 967 4550 cumulem
976 4511 1032 4550 esse

231 4571 256 4616 et
267 4567 384 4622 omnium
396 4565 567 4622 crudissimo
577 4567 681 4636 forae,
693 4581 760 4620 moa
769 4563 936 4620 sacerdotem
945 4559 1034 4620 creari

204 4691 206 4694 ¹
232 4627 405 4688 inmanitatis
427 4641 454 4690 et
475 4635 644 4690 innocentiae
661 4639 813 4706 praecepto
839 4631 977 4688 docentem
1000 4645 1033 4684 uc

232 4703 396 4760 suadentem:
410 4703 465 4758 nisi
476 4703 551 4766 forte
563 4701 597 4756 ab
608 4703 729 4764 infantia
740 4699 852 4758 necdum
863 4697 1033 4772 pubertatem

232 4777 353 4832 eoressus
369 4767 440 4822 inter
456 4767 603 4824 monacbos
623 4775 746 4840 receptus
768 4771 893 4826 sitella
910 4789 942 4826 eo
959 4777 1033 4826 statu

227 4835 420 4950 χωνισπεενῖίτ
443 4843 506 4892 tunc
527 4835 595 4892 enim
619 4837 644 4892 ei
656 4837 845 4910 permittimus,
868 4845 1032 4912 11111111-

245 4905 373 4972 uterfiat
389 4905 468 4958 etad
485 4905 669 4976 episcopatum
697 4907 832 4962 eraeniat:
844 4907 891 4978 qui
903 4907 1032 4970 eddelicet,

230 4969 321 5034 quoad
340 4973 370 5026 id
387 4973 436 5042 fiet
455 4979 484 5028 et
503 4971 630 5028 clericatu
674 4991 767 5044 conum
784 4991 813 5030 se
824 4975 986 5048 praestabit,
1004 4973 1032 5026 in

230 5037 380 5094 sucadotio
393 5055 571 5110 perseuerare
582 5041 688 5112 poterit
706 5047 734 5096 et
750 5059 768 5096 o
784 5041 937 5096 muneribus
953 5057 1032 5098 aaoa-

1085 4369 1163 4420 oeutu
1180 4369 1251 4430 sunt,
1269 4383 1356 4436 neque
1373 4383 1480 4422 omnino
1490 4365 1556 4420 baec
1573 4367 1628 4434 lete,
1645 4373 1677 4422 ut
1691 4367 1819 4436 diximus,
1843 4387 1890 4426 eos

1086 4437 1190 4504 tanqot,
1208 4433 1256 4502 oui
1271 4433 1353 4490 semel
1368 4433 1547 4490 sacerdotium
1565 4441 1726 4502 meruerant,
1744 4437 1793 4492 sed
1809 4439 1889 4494 liceat

1084 4499 1122 4556 eis
1139 4517 1194 4580 μετ’
1214 4499 1374 4556 substitutos
1395 4519 1508 4558 munera
1530 4501 1620 4558 subire
1641 4503 1785 4560 sectandum
1804 4505 1887 4562 illeo-

1083 4567 1154 4622 dosri
1171 4573 1199 4622 et
1221 4567 1404 4624 Valentiniani
1421 4571 1497 4628 dinae
1514 4571 1658 4628 memoriae
1672 4573 1887 4628 consttutionem

1084 4637 1099 4690 1
1135 4635 1172 4690 ad
1190 4635 1317 4692 lbommn
1334 4637 1500 4710 rescriptam.
1535 4637 1683 4694 Ρναεεενεα
1703 4645 1731 4694 et
1748 4641 1818 4694 illud
1832 4641 1887 4694 im-

1085 4709 1138 4760 tum
1160 4721 1218 4760 esse
1241 4711 1268 4760 et
1288 4703 1408 4762 obtinere
1430 4715 1457 4762 et
1472 4709 1501 4760 iu
1524 4723 1575 4760 usu
1596 4723 1653 4762 esse
1670 4705 1796 4774 iubemus,
1814 4709 1888 4778 quod

1083 4771 1116 4826 ab
1134 4771 1212 4826 initio
1225 4775 1347 4844 positum
1366 4781 1391 4830 et
1406 4775 1573 4830 obseruatum
1589 4775 1644 4828 iam
1654 4775 1785 4830 nescimus
1802 4793 1886 4846 quon-

1084 4847 1138 4892 tnm
1155 4855 1189 4894 ne
1209 4841 1314 4912 lenitur.
1349 4843 1514 4898 meminimus
1531 4841 1601 4898 enim
1617 4841 1743 4898 incidisse
1758 4845 1788 4898 in
1802 4845 1885 4898 Arca-

1082 4907 1120 4960 dii
1138 4913 1164 4962 et
1208 4911 1298 4964 ouord
1320 4909 1397 4966 diuae
1414 4911 1558 4964 memoriae
1572 4909 1797 4976 constitutionem,
1816 4929 1886 4982 quoe

1082 4973 1204 5040 clericos,
1229 4977 1255 5030 si
1280 4977 1400 5034 ordinem
1424 4995 1502 5034 suurn
1529 4977 1654 5032 deserant
1677 4987 1704 5032 et
1729 4979 1766 5032 ad
1793 4995 1884 5048 quom-

1082 5041 1146 5098 libet
1169 5051 1302 5100 armatam
1325 5045 1447 5100 militiam
1469 5045 1578 5100 nomino
1601 5045 1666 5100 dent
1685 5045 1824 5102 ueletiam
1841 5045 1884 5100 de·

230 5097 274 5168 bit,
291 5111 322 5160 ut
339 5113 426 5162 tamen
449 5113 576 5178 quartam
592 5107 758 5186 substantiae
768 5117 879 5184 portem
897 5111 990 5166 cumae
1007 5117 1034 5164 et
1076 5111 1165 5180 positi
1187 5129 1203 5164 a
1225 5113 1434 5184 relioiosissimis
1456 5111 1591 5192 episcopis
1612 5111 1729 5168 militare
1745 5115 1807 5168 ansi
1822 5113 1884 5176 siut,

228 5167 292 5234 dcco
316 5175 417 5244 offerat
436 5175 579 5230 secuudum
597 5177 823 5244 constitutionem,
846 5195 927 5248 ouum
944 5195 1032 5252 napa

230 5233 262 5290 de
278 5247 376 5360 ηκαπο
393 5241 521 5308 dedimus,
539 5243 580 5298 ael
594 5245 663 5312 fiseo
680 5243 749 5308 solo,
771 5245 796 5300 εἰ
810 5247 888 5316 sorte
905 5245 1031 5302 coborte-

230 5303 244 5354 2
287 5309 312 5362 is
329 5309 494 5364 condicionis
509 5311 602 5378 faerit.
629 5309 710 5378 Quod
724 5311 748 5366 si
766 5321 792 5368 et
808 5315 879 5366 inter
893 5313 1030 5370 deuotissi-

230 5383 285 5448 mos
308 5375 534 5450 archimandritos
555 5381 686 5452 recinitur
709 5387 735 5434 et
751 5381 822 5436 inter
838 5399 885 5436 eos
901 5387 1029 5440 remanet,

230 5439 308 5518 rtrum
329 5441 369 5496 sie
380 5451 465 5498 sorae
477 5443 644 5498 uocationem
658 5445 683 5498 el
689 5453 875 5514 praestemus,
887 5447 1030 5504 durnmodo

227 5503 252 5552 ct
267 5519 326 5576 ipse
348 5509 474 5578 quartam
491 5509 657 5564 substantioe
679 5527 745 5564 suae
757 5519 867 5584 partem
884 5515 1029 5570 secundum

228 5571 300 5682 guod
320 5573 440 5630 diximus
462 5573 577 5696 offerat:
599 5577 678 5632 aliter
701 5579 770 5634 enim
789 5597 876 5650 neque
892 5579 969 5636 illam
986 5597 1028 5636 or·

245 5641 315 5694 errori
336 5659 422 5714 neque
443 5657 476 5696 or
495 5641 612 5696 luentem
632 5645 1028 5726 Ι1111ηκῖιίβαεενεφεττκιῖίῖ-

229 5701 243 5750 3
277 5723 345 5784 mus.
389 5709 464 5774 Quae
494 5707 654 5764 excellentia
681 5717 728 5766 ενα
753 5723 824 5768 suat
848 5715 882 5770 ab
908 5717 1029 5770 omnibus

1081 5177 1177 5232 militia
1218 5197 1281 5234 uam
1304 5181 1378 5234 nocti
1397 5187 1462 5236 sant
1483 5197 1547 5234 eam
1569 5179 1627 5236 ault
1643 5185 1671 5234 et
1686 5179 1821 5234 oiaitutum
1840 5195 1883 5234 cu-

1081 5245 1131 5300 riis
1149 5195 1228 5312 trab,
1253 5253 1284 5304 at
1306 5249 1431 5320 deinceps
1450 5249 1491 5304 rei
1504 5247 1631 5318 publicae
1647 5247 1821 5302 ministerium
1837 5247 1883 5316 fa·

1082 5313 1167 5378 ciant,
1190 5331 1250 5368 curn
1272 5333 1301 5372 se
1317 5315 1419 5370 domiui
1441 5317 1485 5372 dei
1506 5315 1615 5370 seruitio
1634 5331 1689 5386 per
1711 5315 1822 5370 militiae
1838 5329 1882 5384 ηε-

1082 5385 1096 5432 6
1131 5397 1182 5436 nus
1208 5381 1395 5438 abdicaverint.
1440 5381 1515 5450 Quae
1540 5381 1629 5438 volere
1652 5399 1689 5438 eo:
1715 5381 1767 5436 baa
1788 5385 1882 5458 nostro

1081 5447 1140 5518 leae
1155 5451 1290 5506 sonamus
1305 5451 1425 5506 iubentes
1445 5467 1491 5508 eos
1508 5449 1636 5506 continuo
1654 5465 1686 5504 ac
1702 5449 1793 5526 statim
1804 5447 1884 5528 'illius

1081 5515 1197 5570 ciuitatis
1219 5535 1255 5572 eea
1297 5519 1458 5574 adoriendi
1475 5523 1540 5574 sunt
1556 5517 1672 5572 camales
1685 5515 1756 5586 fiere,
1779 5531 1831 5570 uest
1850 5531 1881 5570 ca

1081 5583 1175 5636 ciuitas
1202 5537 1347 5642 cumobbus
1373 5585 1450 5642 aalde
1475 5585 1599 5650 abundet,
1619 5597 1674 5662 quo
1697 5597 1763 5636 ausu
1779 5581 1881 5662 metune

1080 5649 1122 5706 ael
1137 5651 1217 5706 etiam
1239 5655 1379 5708 remotiori
1398 5671 1483 5734 usque
1498 5653 1528 5708 tu
1540 5665 1698 5720 proxumam
1710 5665 1881 5720 promncmm

1080 5717 1255 5786 addicantur,
1278 5723 1506 5794 abiectissimum
1532 5715 1673 5772 curialium
1693 5733 1810 5786 penuria
1834 5727 1872 5774 est

1645 5805 1680 5854 51
