4258 6266
245 363 303 432 VII
323 369 363 432 62

248 615 249 618 ¹
311 549 357 602 έάν
383 547 413 600 δὲ
437 543 452 600 ὁ
479 543 569 630 odeis?
584 551 695 618 γένηται
717 547 831 628 έπαργος
856 543 939 600 πάλιν
961 543 975 602 d
1000 543 1050 616 ἤδη

370 613 504 684 ισάμενος,
538 631 643 666 carenos
668 615 737 666 nard
763 633 809 678 της
834 615 925 686 ψήφου
951 621 995 672 καί
1022 613 1052 668 ui

309 635 410 754 δεηνγσεις
443 683 684 756 προσηνέχθησαν,
724 681 832 750 ἐπειδὴ1
871 703 892 738 π
911 683 1050 754 antipatros

308 749 375 826 ὑπὲρ
399 755 445 820 τῆς
468 749 583 804 παλαιᾶς
608 745 690 804 αὐτοῦ
709 747 870 822 ἀποφάσεως
893 703 988 824 λέγειν,
1010 775 1048 808 κε-

309 821 377 876 λεάει
392 819 408 888 ἦ
423 817 548 884 διάταξις,
569 813 640 872 ὥστε
656 817 706 874 τὸν
723 825 888 892 κοιαίστωρα
903 825 1048 894 συνακροά·

308 891 378 942 σθαι
400 889 474 956 αὐτῷ
498 885 623 960 δεύτερον
641 881 657 954 ἢ
674 895 768 960 τρίτον
784 893 921 960 γενομένῳ
941 887 1048 960 ἐπάρχῳ

308 963 353 1014 καὶ
376 957 529 1024 έξετάζοντι
549 955 596 1008 τὰς
618 957 663 1010 eat
686 959 732 1026 τῆς
754 963 885 1030 προτέρας
904 951 985 1012 αὐτοῦ
1004 957 1047 1032 dp-

307 1029 352 1094 γῆς
374 1031 518 1100 γενομένας
534 1019 693 1110 ἀποφάσεις,
714 1027 894 1092 θεσπίζουσα,
914 1021 984 1080 ὥστε
1001 1049 1047 1098 μυ,-

242 1115 243 1120 ’
308 1095 404 1164 δεμίαν
434 1095 504 1148 εἶναι
536 1113 603 1148 κατα
635 1095 694 1146 τῶν
719 1093 852 1148 τοιούτων
882 1091 1048 1164 ἀποφάσεων

307 1161 523 1236 άναφφλάφησιν.

273 1227 312 1288 36
335 1231 412 1306 δΧρὴ
434 1231 503 1300 μετὰ
525 1233 617 1288 πᾶσαν
638 1227 688 1296 τὴν
711 1227 789 1296 δίκην
811 1227 873 1284 τότε
891 1231 942 1300 τὴν
958 1233 1047 1300 innin-

307 1321 357 1354 τον
373 1299 539 1368 ἐπιδοθῆναι
557 1297 629 1370 (οὐδὲ
644 1299 695 1370 γάρ
704 1295 867 1420 μλάπτετοιί
881 1317 929 1366 τις,
953 1299 1001 1354 ἐάν
1018 1305 1048 1354 έν

306 1371 347 1438 τῷ
370 1371 470 1452 μεταξὺ
493 1373 598 1442 ἐγένετο
623 1363 701 1420 διαλα
719 1365 747 1420 td
764 1365 954 1440 άπαρνουμένη
973 1365 1046 1436 αὐτῷ

293 1437 411 1492 ’δίκαιον
437 1437 553 1512 αρμάζον
580 1431 668 1502 αὐτῷ,
695 1439 835 1490 τουτέστιν
860 1431 876 1506 ἢ
900 1441 1048 1510 μαρτύρων

307 1507 474 1582 παραγωγὴν
499 1503 516 1572 ἢ
541 1501 698 1574 ἀνάγνωσιν
723 1503 899 1572 συμβολαίου·
932 1503 1047 1560 δύναται

305 1575 356 1648 γάρ
383 1579 413 1630 έν
437 1577 470 1650 τῇ
496 1569 613 1640 ἐκκλήτῳ
640 1571 730 1626 πάντα
755 1569 912 1644 γυμνάσαι),
940 1575 997 1656 ἵνα,
1010 1571 1047 1644 μὴ

306 1641 374 1698 κατά
397 1647 443 1710 τῆς
463 1647 543 1712 μέσης
562 1639 699 1696 daedaleis
716 1639 905 1710 έπιδεδομένης
923 1641 1061 1724 έκκλητοτγἸ

305 1715 387 1798 μῖμος
408 1709 524 1766 διδῶται
546 1715 604 1764 ταῖς
621 1705 799 1782 ὑπερθέσεσι,
823 1709 948 1764 πολλάκις
965 1715 995 1764 έν
1012 1731 1045 1784 τῃ

307 1785 373 1854 aurp
392 1777 524 1834 ὑποθέσει
545 1775 735 1848 έπεδεδομίνης
752 1775 878 1846 ἐκκλήτου
895 1785 940 1832 καὶ
957 1779 1045 1842 ἐξετα-

306 1853 428 1918 ζομένης,
458 1847 540 1904 πάλιν
567 1845 647 1902 άλλου
673 1845 818 1918 κεφαλαίου
844 1851 1046 1922 γυμναζομένου

305 1923 349 1970 καί
367 1915 450 1970 πάλιν
467 1921 512 1970 καί
530 1913 591 1970 κατ’
612 1911 694 1968 αὐτοῦ
712 1923 865 1988 παρεχομέν
884 1935 895 1970 ς
912 1913 1045 1984 daniticos.

303 1983 366 2038 Ἐάν
391 1983 420 2038 δέ
443 1983 579 2054 διαιτητής
602 1981 708 2038 iuueni
731 1989 761 2036 έν
777 1991 844 2052 μέση
865 1939 990 2052 deoduino}
1007 1983 1045 2038 dt·

220 2119 222 2124 Α
305 2053 383 2108 nanda
405 2075 433 2108 τι
455 2049 543 2108 αὐτοῖς
567 2049 762 2128 ἀρνησάμενος,
785 2043 884 2108 κελεάει
908 2053 987 2128 ἐγγρά
1012 2071 1047 2106 ως

305 2119 394 2190 τούτῳ
413 2121 597 2188 ἐπισκήπτειν,
623 2115 693 2176 iisne
713 2125 742 2176 έν
759 2123 795 2194 τῇ
812 2119 930 2190 ἐκκλήτῳ
949 2145 984 2194 pa
1010 2119 1046 2176 ’τε

304 2193 405 2244 τεσθαι
438 2187 528 2244 αὐτοῖς
559 2189 609 2258 τὴν
641 2193 702 2262 περὶ
734 2191 830 2246 τούτου
863 2189 1047 2264 δικαιολογίαν

305 2255 477 2334 άπρὸκριτον.
521 2259 545 2312 ei
571 2257 600 2314 di
622 2259 696 2330 παρά
720 2261 807 2314 ταῦτα
829 2265 953 2334 γένηται,
980 2259 1047 2328 μήτε

305 2325 429 2394 δεγέσθω
453 2325 503 2396 τὴν
527 2327 655 2396 ἔκκλητον
679 2323 693 2380 ὁ
718 2325 843 2396 δικαστὴς
865 2335 909 2382 καί
935 2325 1046 2382 αὐτόςὸ

305 2393 512 2466 ίκκαλεσάμενος
528 2391 597 2472 ὑπὲρ
614 2397 660 2462 τῆς
677 2395 858 2472 παραβάσεως
876 2397 1046 2466 πεντήκοντα

304 2463 346 2520 lle
365 2483 395 2520 ας
411 2463 444 2536 ἀρ
463 2463 527 2534 sipon
543 2469 691 2540 παρεχέτω.
914 2472 948 2531 [a.
967 2467 1044 2530 bill]

272 2531 309 2594 37
331 2487 411 2608 ³lntp.
448 2535 601 2590 resanianas
620 2535 651 2588 A.
669 2531 767 2588 Menae
785 2551 835 2656 pp.
876 2535 908 2588 lu
932 2535 1044 2592 offeren-

237 2605 277 2658 dis
294 2601 538 2672 provocationibus,
564 2601 708 2672 exquibus
728 2619 811 2656 consu
834 2603 953 2658 alionum
972 2619 1044 2658 more

237 2673 372 2742 negotium
389 2673 417 2726 iu
440 2675 561 2726 nostrum
580 2687 685 2726 sacrum
702 2671 831 2740 palatium
849 2673 984 2728 introduci
1002 2689 1044 2728 so-

236 2741 322 2806 lebat,
346 2741 399 2796 hoo
421 2741 572 2796 addendum
588 2755 647 2796 esse
665 2757 816 2804 censemus,
837 2745 880 2808 ut,
899 2741 922 2796 si
941 2741 1045 2810 quidem

236 2827 291 2864 non
318 2809 429 2864 excedat
455 2809 508 2862 litis
535 2809 684 2864 aestimatio
712 2809 805 2862 decem
830 2811 960 2864 librarum
987 2811 1044 2864 auri

236 2877 427 2948 quantitatem,
452 2895 486 2934 es
508 2879 569 2946 ipsa
591 2877 696 2934 scilicet
717 2879 852 2934 sententia
874 2877 970 2934 iudicis
991 2879 1044 2934 dis·

238 2949 379 3012 cernenda,
397 2965 452 3002 nou
469 2947 586 3012 duobus,
612 2945 682 3000 siout
699 2953 792 3012 antea,
811 2947 958 3016 magnificis
977 2947 1045 3002 iudi-

237 3015 321 3082 cibus,
339 3015 385 3070 sed
402 3015 449 3070 uni
465 3015 648 3072 tautummodo
667 3015 825 3084 disceptatio
843 3017 942 3084 negotii
961 3017 1045 3084 depu-

238 3089 249 3138 l
287 3089 367 3140 tetur.
396 3085 441 3140 Sin
457 3101 519 3138 vero
535 3087 706 3138 memoratam
723 3085 853 3138 excedens
869 3085 1044 3154 quantitatem

235 3153 328 3222 viginti
342 3153 417 3209 libris
431 3153 490 3208 auri
504 3153 668 3218 terminetur,
688 3153 792 3208 duobus
808 3153 932 3208 tradatur
943 3155 1044 3222 magni·

235 3221 294 3276 licis
320 3223 466 3288 iudicibus,
499 3221 562 3276 viris
593 3221 697 3276 scilicet
724 3221 825 3276 devotis
854 3223 1044 3292 epistolaribus

236 3291 423 3360 cognitionalis
442 3291 587 3346 certamina
605 3291 812 3360 excipientibus,
836 3291 875 3344 ita
898 3297 987 3346 tamen
1005 3297 1043 3358 ut,

236 3357 259 3414 si
283 3359 465 3426 dissentirent,
488 3361 574 3414 vnum
595 3359 727 3412 illustrem
751 3375 800 3426 pro
823 3363 942 3426 tempore
962 3375 1043 3428 quae-

235 3429 335 3482 storem
353 3427 509 3492 adhibeant,
531 3433 562 3480 ut
580 3443 610 3482 eo
630 3427 795 3482 dubietatem
812 3427 950 3482 dirimente
966 3429 1043 3482 tinia-

236 3499 249 3548 2
284 3505 330 3552 tur
347 3501 495 3564 negotium:
514 3495 561 3550 His
576 3495 697 3550 videlieet
710 3495 813 3562 litibus,
832 3511 945 3564 quarum
962 3499 1043 3552 aesti-

233 3565 315 3618 matio
334 3565 426 3632 riginti
443 3563 572 3618 librarum
594 3563 652 3618 auri
677 3563 854 3630 quantitatem
876 3567 992 3630 excedit,
1016 3567 1044 3618 in

235 3647 373 3686 commune
400 3633 561 3688 auditorium
587 3633 836 3694 florentissimorum
863 3635 935 3690 sacri
958 3637 1044 3690 nostri

235 3705 249 3756 3
285 3701 379 3770 palatii
396 3717 538 3770 procerum
555 3699 768 3756 introducendis:
787 3701 823 3756 Ut
839 3705 931 3758 tamen
948 3719 1042 3758 secun-

236 3769 297 3822 dum
315 3769 368 3822 iam
386 3773 489 3826 statuta
506 3771 585 3824 liceat
603 3769 708 3840 quidem
726 3787 781 3824 non
799 3771 885 3824 solum
899 3771 978 3840 ricto,
996 3771 1044 3828 sed

236 3839 315 3892 etiam
329 3837 424 3894 victori
443 3839 664 3894 consultationem
683 3837 716 3892 ad
734 3855 817 3894 unum
831 3841 873 3894 vel
890 3841 957 3896 duos
975 3843 1043 3896 iudi-

236 3921 279 3960 ces
301 3907 456 3962 mittendam
479 3909 551 3962 intra
572 3907 673 3962 biennii
695 3911 801 3976 tempus
824 3907 849 3962 ei
866 3909 907 3962 vel
925 3909 963 3964 eis
980 3909 1042 3964 inti-

234 3991 320 4030 mare:
329 3979 401 4098 post
419 3991 557 4032 excessum
575 3977 644 4032 enim
657 3977 796 4030 memorati
810 3977 936 4046 temporis
949 3979 1041 4032 buius-

234 4051 250 4098 4
284 4059 327 4098 mo
347 4045 354 4098 i
378 4045 513 4100 licentiam
539 4053 716 4114 amputamus
758 4045 832 4112 Quae
855 4061 916 4100 vero
942 4047 1043 4102 fuerint

234 4113 269 4166 ab
293 4129 324 4166 eo
346 4113 388 4168 vel
409 4115 447 4170 eis
470 4113 591 4182 decreta,
617 4113 690 4168 nulla
715 4115 906 4182 provocatione
930 4131 1041 4184 suspen-

289 4181 395 4236 dantur.
444 4181 532 4236 Noras
566 4183 644 4236 etiem
679 4181 845 4236 adsertiones
876 4199 893 4236 a
919 4185 1042 4254 partibus

234 4251 306 4320 apud
325 4251 436 4304 eundem
453 4251 494 4306 rel
518 4251 623 4306 eosdem
640 4251 742 4304 iudices
761 4251 824 4304 addi
841 4251 875 4306 ad
892 4253 1041 4322 exemplum

235 4319 438 4374 consultationis
467 4321 632 4384 adsacrum
655 4327 777 4374 nostrum
800 4321 930 4388 palatium
956 4323 1041 4380 intro·

233 4385 372 4442 ducendae
392 4389 576 4456 permittimus.
618 4385 651 4442 D.
675 4401 732 4440 rere
747 4387 784 4442 id.
803 4389 890 4460 April.
911 4389 1041 4446 Constan-

235 4455 291 4510 tino
313 4455 351 4512 oli
368 4455 452 4512 Decio
470 4473 544 4512 eoas.
929 4463 962 4524 [a.
981 4465 1040 4524 529]

269 4473 309 4584 dd
326 4521 402 4580 Idem
419 4527 450 4580 Α.
468 4523 643 4582 Demostheni
655 4541 705 4596 pp.
748 4523 777 4580 Si
801 4525 907 4594 quando
926 4527 1040 4584 daciano

234 4697 267 4762 (1)
284 4691 378 4764 tuendi
396 4699 443 4750 del.
497 4699 530 4764 (a)
548 4725 582 4744 =
597 4699 623 4750 B
641 4701 665 4760 9,
683 4711 701 4760 1,
720 4709 773 4750 rto:
794 4701 856 4750 tanc
874 4701 946 4768 ispum
965 4719 987 4752 a.
1002 4713 1043 4754 tit

206 4811 207 4814 ,
233 4767 306 4818 simul
328 4769 502 4834 imperantibus
518 4767 612 4834 Iagti'rro
638 4779 660 4818 et
676 4767 815 4818 lusciniaco
839 4769 921 4820 elotum
943 4789 993 4822 esse
1016 4789 1043 4822 eo

230 4835 360 4902 probabile
385 4845 436 4900 est,
467 4835 532 4902 quod
548 4833 576 4888 'ia
598 4839 700 4900 3,1,16
725 4855 794 4886 suum
819 4855 870 4888 esse
892 4839 1043 4890 lastinianus

233 4903 336 4968 adserit,
362 4923 405 4954 neo
430 4915 507 4956 tamen
526 4923 545 4956 e.
563 4917 589 4956 tl
615 4905 755 4956 inscribitur
773 4903 838 4956 idern
853 4909 895 4964 a:
920 4907 1042 4974 iunpenda

233 5023 398 5036 -ιιηυ--ι-η

232 5105 270 5160 sit
290 5103 338 5186 qui
359 5109 441 5160 antea
458 5105 653 5178 pronuntiauit
679 5113 705 5160 et
728 5105 859 5162 aduersas
881 5107 958 5162 cuins
980 5125 1039 5164 sen·

233 5181 344 5230 renuam
357 5175 573 5244 supplicationes
588 5175 696 5232 oblatae
710 5181 784 5242 sant,
799 5193 858 5232 eum
867 5177 966 5248 priore
980 5193 1039 5232 sen-

234 5243 319 5298 tentia
341 5257 393 5296 saa
408 5247 543 5298 staturum
560 5243 763 5316 praesumitur,
787 5243 861 5300 iudet
882 5247 1039 5300 constitutio

233 5319 405 5382 qreaestorem
431 5309 512 5364 simul
533 5329 592 5368 cunt
616 5327 647 5368 eo
671 5329 848 5384 eopnoseere,
872 5313 920 5384 qui
942 5313 1040 5370 iterum

232 5379 275 5436 ael
298 5379 405 5436 tertiam
422 5379 587 5450 praefectus
609 5381 702 5448 faetus
726 5381 779 5436 erit
803 5389 830 5436 et
846 5383 993 5438 sententias
1010 5383 1040 5436 in

229 5447 327 5522 priore
342 5445 505 5520 mapislratu
521 5463 573 5502 sao
588 5451 661 5504 latus
675 5449 852 5514 examinabit,
869 5449 921 5506 doe
935 5451 1039 5514 addito,

232 5523 264 5572 ut
280 5515 357 5570 nulla
371 5517 501 5574 aduersus
515 5515 646 5572 eiusmodi
660 5517 809 5572 sententias
821 5519 982 5574 reportatio
995 5521 1038 5574 sil.

268 5581 308 5642 36
343 5585 411 5640 Tota
443 5583 491 5640 lite
517 5583 600 5662 finita
630 5585 842 5658 appellationem
866 5587 1040 5660 interponere

233 5657 343 5726 oportet
359 5655 462 5778 (nepae
479 5667 549 5708 entra
567 5649 666 5706 damno
683 5655 784 5724 aliquis
801 5655 933 5734 afficitur,
958 5655 982 5710 si
998 5655 1039 5710 ia-

233 5721 311 5778 terim
338 5721 511 5778 interooutio
537 5719 618 5790 sacto
646 5727 698 5788 est,
728 5739 784 5794 qua
811 5739 834 5778 a
860 5723 904 5778 ias
932 5741 1039 5796 compe-

233 5797 292 5844 tens
314 5789 494 5856 adiudicatae,
518 5789 549 5844 iel
569 5793 612 5844 est
632 5789 675 5844 ael
698 5789 804 5844 testium
820 5791 971 5862 productio
997 5793 1041 5848 oei

231 5857 403 5914 instrumenti
428 5859 567 5914 recitatio:
587 5861 683 5930 potest
707 5859 777 5912 enim
802 5859 831 5912 in
854 5859 1038 5934 appellatione

1043 351 1109 426 324

1532 375 1577 420 Du
1598 369 1905 420 neenunnrtoulst‘s

1100 543 1198 598 iudicio
1217 543 1362 614 appellatio
1380 543 1462 598 fuerit
1479 543 1583 608 oblata,
1605 541 1662 596 sive
1686 541 1719 594 ab
1744 541 1803 608 ipsa
1823 539 1907 610 quali-

1100 615 1156 666 tate
1180 611 1273 668 iudicis
1298 611 1353 666 sive
1376 627 1409 664 err
1433 611 1521 668 diuina
1544 609 1710 680 delegatione
1727 609 1782 664 viro
1803 615 1907 678 speeta-

1100 681 1147 736 bili
1165 681 1226 736 duci
1249 681 1394 748 destinata,
1418 681 1473 734 sire
1496 679 1566 734 inter
1589 677 1749 748 spectabiles
1767 677 1836 732 ident
1854 677 1908 732 dux

1101 761 1333 804 consummaretur
1355 749 1410 802 sive
1432 747 1531 802 illustri
1548 747 1677 816 dignitate
1694 747 1837 800 decoratur
1854 747 1908 798 sive

1100 819 1180 872 etiam
1198 819 1310 882 maiore,
1335 833 1395 870 cum
1418 819 1498 870 ctiam
1516 817 1683 882 magisteriae
1700 815 1842 884 potestatis
1860 815 1907 866 ho-

1099 887 1184 942 mines
1211 903 1258 942 nec
1286 903 1340 940 non
1367 885 1522 940 consulares
1553 899 1632 954 saepe
1659 885 1773 938 utilitate
1800 883 1908 960 publica

1099 957 1228 1024 poscente
1245 955 1280 1008 ad
1297 953 1449 1008 huiusmodi
1468 969 1559 1006 curam
1577 953 1742 1020 perveniunt,
1764 951 1837 1006 nullo
1856 951 1907 1006 dts-

1100 1023 1210 1078 crimine
1225 1023 1316 1078 habito
1333 1041 1386 1078 uon
1403 1021 1563 1092 dignitatem,
1580 1021 1626 1074 sed
1642 1021 1756 1076 ducatus
1770 1021 1907 1088 magistra·

1099 1095 1155 1146 tum
1180 1093 1296 1160 spectari
1319 1097 1345 1146 et
1367 1091 1574 1160 appellationem
1598 1105 1630 1144 ex
1654 1103 1820 1158 quocumque
1841 1089 1908 1142 duce

1099 1161 1245 1216 venientem
1268 1177 1323 1214 non
1346 1167 1376 1214 ut
1399 1165 1479 1212 antea
1501 1163 1558 1212 erat
1577 1159 1748 1226 dispositum,
1772 1157 1818 1212 sed
1836 1155 1908 1226 apud

1100 1231 1185 1284 virum
1202 1229 1420 1284 sublimissimum
1438 1227 1593 1296 magistrum
1616 1227 1766 1282 officiorum
1787 1241 1836 1280 neo
1853 1239 1907 1278 non

1100 1299 1185 1352 virum
1217 1299 1467 1352 excellentissimum
1499 1295 1584 1350 nostri
1614 1295 1710 1364 palatii
1740 1301 1908 1364 quaestorem

1099 1369 1232 1422 communi
1262 1367 1398 1422 audientia
1428 1365 1582 1436 praeposita
1612 1365 1641 1418 in
1670 1379 1747 1418 sacro
1774 1363 1907 1418 auditorio

1097 1451 1170 1490 more
1188 1437 1423 1500 eornsultationem,
1446 1433 1509 1488 viris
1528 1433 1629 1488 devotis
1647 1432 1837 1502 epistolaribus
1862 1447 1907 1486 ex·

1098 1505 1271 1572 cipientibus,
1304 1503 1441 1560 ueritilari:
1474 1503 1548 1556 nulla
1578 1503 1674 1556 veteris
1706 1501 1771 1570 legis
1798 1503 1825 1554 in
1856 1501 1908 1554 hac

1098 1589 1179 1628 carisa
1207 1575 1392 1628 observatione
1417 1569 1605 1634 custodienda,
1637 1569 1683 1624 sed
1705 1569 1777 1638 apud
1801 1569 1906 1648 eosdem

1097 1641 1280 1696 tantummodo
1313 1639 1550 1696 excellentissimos
1583 1639 1683 1694 indices
1717 1653 1800 1692 causa
1830 1641 1906 1692 trutt-

1098 1711 1194 1764 nanda.
1793 1713 1826 1772 [a.
1847 1711 1905 1768 till]

1132 1777 1170 1836 39
1190 1777 1266 1842 Idem
1284 1779 1314 1832 A.
1332 1777 1443 1832 iuliano
1457 1795 1506 1850 pp.
1534 1777 1697 1846 simpliorem
1714 1775 1906 1844 providentiam

1097 1847 1224 1902 subiectis
1247 1845 1427 1910 conferentes,
1457 1861 1534 1914 quam
1557 1845 1672 1900 forsitan
1695 1845 1747 1914 ipsi
1770 1845 1906 1912 vigilantes

1097 1917 1168 1970 noni
1186 1917 1332 1982 inveniunt,
1349 1917 1485 1982 antiquam
1500 1915 1712 1968 observationem
1727 1911 1905 1974 emendamus,

1098 2001 1158 2040 cum
1179 1985 1206 2038 in
1231 1983 1440 2052 appellationum
1465 1981 1605 2038 auditoriis
1628 1983 1652 2036 is
1674 1983 1748 2036 solus
1767 1987 1829 2050 post
1845 1995 1905 2036 sen-

1097 2053 1209 2122 tentiam
1225 2053 1321 2106 indicis
1340 2051 1551 2106 emendationem
1568 2055 1711 2116 meruerat,
1730 2051 1775 2118 qui
1793 2049 1827 2104 ad
1843 2065 1906 2118 pro·
1956 2067 1957 2072 ¹

1097 2123 1244 2178 vocationis
1263 2123 1435 2178 convolasset
1453 2121 1594 2184 auxilium,
1620 2121 1707 2174 altero
1723 2123 1815 2188 parte,
1838 2133 1906 2186 quae

1097 2191 1149 2246 boc
1175 2207 1230 2246 non
1253 2191 1377 2256 fecisset,
1406 2189 1563 2244 sententiam
1591 2189 1678 2256 sequi,
1707 2187 1906 2256 qualiscumque

1099 2265 1110 2314 1
1146 2259 1251 2326 fuisset,
1271 2259 1461 2328 compellenda.
1497 2257 1637 2312 Sancimns
1655 2259 1753 2326 itaque,
1774 2255 1797 2312 si
1814 2255 1905 2324 appel·

1095 2329 1165 2384 lator
1183 2331 1263 2382 semel
1281 2329 1307 2382 in
1326 2327 1455 2382 indicium
1472 2327 1573 2382 uenerit
1591 2331 1617 2380 et
1636 2341 1731 2380 causas
1750 2325 1906 2394 appellatio·

1097 2397 1137 2452 nis
1163 2413 1227 2452 suae
1250 2397 1436 2466 proposuerit,
1460 2395 1560 2450 babere
1583 2395 1717 2450 licentiam
1739 2399 1766 2448 et
1782 2393 1905 2448 adversa-

1096 2467 1164 2520 rium
1188 2465 1258 2532 eius,
1284 2469 1305 2520 si
1328 2465 1392 2534 qnid
1414 2465 1539 2520 iudicatis
1563 2479 1700 2532 opponere
1721 2463 1857 2526 maluerit,
1883 2461 1906 2514 si

1096 2541 1203 2604 praesto
1223 2535 1316 2600 tuerit,
1342 2535 1393 2588 boe
1416 2533 1506 2588 facere
1529 2539 1556 2586 et
1574 2533 1698 2586 iudiciale
1715 2531 1812 2586 mereri
1828 2543 1904 2598 prae-

1096 2603 1203 2658 sidium:
1225 2605 1265 2658 sin
1280 2609 1369 2656 autem
1385 2603 1481 2658 absens
1495 2601 1584 2666 tuerit,
1595 2601 1677 2654 nihilo
1691 2601 1778 2654 minus
1793 2601 1905 2654 iudicem

1100 2677 1129 2726 la
1146 2675 1181 2736 (ll
1217 2687 1265 2740 per
1282 2687 1359 2726 snum
1377 2673 1493 2738 vigorem
1511 2671 1569 2724 eius
1586 2677 1678 2738 partes
1694 2669 1845 2736 adimplere.
1874 2667 1905 2720 In

1095 2739 1260 2796 refutatoriis
1285 2747 1374 2796 autem
1400 2739 1511 2802 libellis,
1544 2739 1589 2808 qui
1622 2739 1709 2792 solent
1739 2735 1852 2792 maxime
1877 2735 1903 2788 in

1096 2825 1172 2864 sacro
1196 2809 1329 2862 auditorio
1352 2807 1620 2880 prudentissimorum
1640 2811 1792 2862 nostrorum
1811 2819 1904 2874 proce-

1096 2895 1154 2932 rum
1176 2877 1300 2942 recitari,
1325 2885 1437 2932 careant
1458 2883 1514 2930 tam
1537 2877 1683 2946 litigatores
1707 2891 1785 2944 quarn
1803 2875 1904 2930 libello·

1096 2963 1155 3000 rum
1173 2947 1317 3000 dictatores
1335 2947 1454 3000 verbosis
1472 2945 1512 2998 uti
1530 2943 1726 3000 adsertionibus
1746 2949 1772 2998 et
1790 2959 1823 2998 ea
1838 2957 1905 3012 quae

1095 3017 1148 3070 iam
1166 3021 1290 3084 perorata
1308 3021 1371 3068 sunt
1388 3015 1484 3070 iterum
1506 3013 1679 3078 resuscitare,
1699 3013 1746 3068 sed
1763 3013 1830 3066 haec
1848 3011 1905 3066 sola

1096 3087 1133 3138 eis
1151 3085 1311 3148 inscribere,
1337 3099 1404 3151 quae
1427 3081 1616 3150 compendiosa
1638 3081 1791 3136 narratione
1810 3095 1905 3136 causas

1095 3153 1293 3222 provocationis
1307 3159 1422 3220 possunt
1437 3151 1581 3218 explanare
1593 3151 1635 3204 rel
1649 3149 1751 3218 aliquid
1764 3151 1825 3204 novi
1841 3165 1904 3204 con·

1094 3223 1197 3276 tinent⁵
1216 3222 1256 3275 vel
1274 3221 1371 3276 addere
1388 3221 1459 3290 quod
1474 3219 1629 3274 derelictum
1645 3225 1699 3274 est:
1718 3219 1819 3286 scituri,
1835 3217 1905 3288 quod

1096 3291 1118 3344 si
1144 3291 1195 3344 boc
1222 3289 1303 3342 fuerit
1328 3287 1560 3356 praetermissum,
1587 3303 1641 3342 uon
1668 3287 1752 3342 deerit
1776 3287 1903 3342 aduersus

1095 3359 1244 3414 libellorum
1270 3357 1422 3412 conditores
1448 3357 1602 3426 amplissimi
1628 3355 1720 3410 iudicii
1750 3359 1904 3424 competens

1094 3427 1248 3494 indignatio,
1274 3427 1344 3494 quod
1361 3427 1498 3480 sufficiant
1515 3429 1650 3492 gestorum
1667 3425 1803 3480 volumina
1820 3425 1904 3478 intro·

1095 3495 1176 3550 dueta
1193 3501 1221 3550 et
1238 3495 1355 3548 virorum
1374 3495 1560 3564 spectabilium
1581 3495 1767 3562 magistrorum
1792 3493 1903 3546 sedulo·

1095 3569 1109 3618 2
1151 3581 1209 3618 rtem
1236 3565 1329 3618 breves
1356 3567 1446 3618 omnia
1472 3561 1639 3632 apertissime
1663 3561 1810 3618 ostendere.
1852 3561 1903 3616 Sed

1096 3649 1154 3688 cum
1173 3633 1272 3688 scimus
1289 3633 1374 3700 legem
1392 3633 1530 3686 nostrane
1547 3645 1606 3684 esse
1624 3631 1830 3700 promulgatam,
1856 3645 1903 3698 per

1094 3717 1173 3772 quam
1198 3717 1271 3756 more
1295 3701 1521 3756 consultationum
1546 3701 1574 3752 in
1592 3699 1680 3754 causis
1698 3699 1816 3768 quidem,
1836 3713 1904 3768 qnae

1094 3787 1179 3840 usque
1196 3771 1231 3824 ad
1250 3771 1341 3824 decem
1358 3769 1440 3824 libras
1457 3769 1516 3822 auri
1532 3767 1719 3832 extenduntur,
1739 3785 1819 3824 nutem
1833 3765 1903 3822 indi·

1095 3855 1152 3894 cent
1176 3839 1314 3894 sanximus
1338 3837 1495 3906 superponi,
1519 3837 1609 3906 viginti
1628 3843 1717 3890 autem
1736 3837 1803 3890 duos
1820 3835 1903 3892 subli-

1094 3907 1224 3962 missimos
1248 3907 1365 3972 indices,
1392 3907 1440 3960 sed
1463 3923 1524 3960 cum
1541 3905 1626 3974 prima
1643 3905 1749 3974 quidem
1765 3905 1836 3960 satie
1853 3903 1903 3982 lisl

1094 3977 1233 4032 ridebatur
1250 3993 1302 4030 non
1321 3981 1424 4030 tantam
1442 3991 1572 4030 summam
1595 3975 1737 4040 excedere,
1759 3975 1788 4026 in
1811 3973 1902 4028 defim-

1094 4045 1147 4100 tiva
1170 4053 1259 4098 autem
1282 4047 1415 4100 sententia
1438 4043 1587 4112 apparebat
1610 4043 1692 4096 iudici
1708 4043 1749 4098 rel
1769 4041 1902 4096 iudicibus

1093 4113 1172 4170 etiam
1196 4113 1322 4170 maiorem
1349 4113 1522 4182 quantitatem
1550 4113 1647 4166 debere
1674 4113 1822 4180 imponere,
1849 4125 1903 4164 non

1094 4191 1151 4236 erat
1173 4183 1211 4236 eis
1235 4183 1363 4252 possibile
1387 4181 1500 4236 formam
1524 4197 1576 4248 qun
1595 4185 1670 4236 erant
1688 4179 1808 4234 conclusi
1826 4193 1902 4234 exce-

1094 4257 1126 4306 ia
1162 4251 1231 4306 dere.
1269 4251 1321 4306 Sed
1343 4267 1394 4306 nos
1418 4249 1559 4304 definimus
1583 4255 1612 4302 et
1631 4263 1734 4302 omnem
1753 4249 1790 4302 cis
1809 4247 1901 4302 damus

1092 4321 1260 4384 facultatem,
1283 4321 1305 4374 si
1325 4321 1377 4374 hoc
1394 4319 1431 4374 ita
1448 4317 1528 4372 fuerit
1547 4317 1735 4382 subsecutum,
1759 4317 1841 4372 licere
1865 4315 1902 4370 eis

1093 4395 1119 4444 et
1145 4389 1299 4458 ampliorem
1326 4403 1455 4442 summam
1478 4387 1601 4454 praelata
1625 4387 1773 4454 quantitate
1798 4387 1826 4440 in
1850 4399 1902 4454 qua

1092 4457 1148 4512 dati
1167 4465 1230 4512 sunt
1247 4457 1348 4512 iudices
1367 4457 1509 4522 excedere,
1533 4459 1561 4508 'et
1584 4471 1638 4508 non
1660 4455 1820 4512 admodum
1838 4467 1902 4508 snae

1091 4527 1212 4592 titionis,
1230 4527 1278 4582 sed
1296 4525 1331 4580 ad
1347 4527 1465 4580 veritatis
1484 4523 1634 4590 indaginem
1649 4523 1719 4578 ferre
1735 4523 1901 4586 sententiam,

1095 4701 1188 4752 vedetur
1201 4701 1371 4766 3,r,re,cf.3‚
1384 4711 1401 4760 ι,
1411 4711 1435 4752 ro
1477 4699 1510 4760 la)
1528 4699 1713 4764 irrepentem
1757 4701 1791 4760 (ι)
1809 4713 1860 4746 non
1876 4695 1902 4758 0,
1931 4701 1932 4706 ’

1095 4787 1138 4818 ονε
1157 4771 1182 4820 fi
1252 4773 1284 4832 (5]
1304 4767 1342 4818 vel
1361 4767 1458 4830 aliquid
1475 4767 1535 4816 noti
1553 4765 1683 4816 continent
1705 4767 1750 4818 elei.
1769 4767 1902 4818 Mommsen

1094 4839 1127 4902 (6)
1146 4857 1166 4890 e.
1185 4851 1211 4890 el
1230 4839 1253 4890 d.
1274 4849 1287 4890 l.
1368 4839 1401 4898 (t)
1425 4833 1488 4886 facie
1511 4833 1543 4886 lis
1562 4833 1706 4896 Mommsen,
1730 4833 1812 4884 facilis
1836 4833 1902 4896 alte,

1093 4905 1162 4956 sacili
1180 4907 1218 4958 uel
1235 4905 1319 4956 facilis
1343 4905 1371 4968 V,
1390 4905 1452 4956 faeie
1469 4899 1507 4952 pp

1092 5109 1182 5162 omnia
1195 5107 1352 5180 persequi),
1377 5125 1410 5162 ne
1427 5105 1590 5178 interposita
1608 5105 1739 5162 aduersas
1754 5105 1900 5164 interiora-

1092 5175 1191 5232 tionem
1223 5175 1409 5250 appellatione
1439 5175 1585 5230 dilationes
1613 5175 1810 5242 extendantur,
1838 5175 1900 5232 dam

1090 5259 1171 5316 saepe
1198 5247 1226 5298 in
1252 5243 1344 5300 eudem
1370 5251 1455 5298 cansa
1485 5243 1635 5314 appellatio
1667 5245 1851 5314 interponitur
1874 5259 1899 5300 ee

1091 5313 1275 5380 eaaminalar,
1297 5313 1394 5368 deiende
1416 5313 1472 5368 alio
1496 5313 1584 5382 eapite
1603 5317 1720 5368 tractato
1739 5327 1835 5368 rursus
1853 5313 1899 5368 ad-

1094 5385 1105 5434 l
1142 5397 1233 5436 uersus
1252 5381 1303 5436 doe
1321 5381 1471 5454 appellatio
1489 5381 1656 5454 porripitur.
1691 5377 1812 5444 Quodsi
1829 5379 1900 5436 arbi·

1093 5459 1134 5504 ter
1145 5449 1353 5506 interlocutione
1368 5449 1408 5504 eis
1421 5451 1465 5504 ius
1478 5447 1592 5520 aliquod
1608 5447 1810 5514 adiuditaaerit,
1828 5449 1900 5506 iubet

1091 5517 1251 5592 insudetis
1275 5517 1300 5574 a'
1322 5517 1521 5582 contradicere,
1544 5523 1575 5572 ut
1595 5515 1647 5570 sibi
1670 5515 1698 5584 in
1715 5517 1900 5590 appellatione

1090 5585 1149 5640 aas
1170 5587 1212 5642 rei
1235 5585 1422 5658 defensionem
1448 5603 1465 5640 a
1484 5583 1657 5656 praeiudicio
1676 5583 1788 5640 lidorum
1806 5595 1899 5640 menn-

1091 5659 1143 5710 tar.
1187 5655 1212 5708 si
1235 5669 1300 5710 uero
1331 5653 1461 5710 adeersum
1488 5669 1521 5706 ea
1547 5653 1654 5724 factam
1680 5653 1782 5724 faerit,
1813 5659 1900 5724 nepae

1090 5723 1301 5796 appellationem
1318 5721 1404 5778 iudex
1421 5721 1535 5790 recipito
1553 5727 1580 5798 et
1598 5721 1754 5844 appellator
1770 5721 1829 5794 epse
1841 5737 1899 5796 pro

1091 5793 1231 5846 eomrnisso
1251 5791 1452 5862 quinquaqinta
1469 5793 1575 5858 arpenn
1595 5787 1613 5842 ίι
1631 5805 1680 5844 ras
1696 5789 1802 5846 solvito.
