4276 6276
1066 355 1128 432 ibt

1509 379 1555 426 DE
1577 375 1713 424 CANONE
1734 375 1833 422 bana.
1856 377 1919 426 TI'P.

937 457 1238 476 sumn-*m

606 617 715 678 XXIII.

290 721 337 772 DX
356 719 493 770 OANONE
511 717 809 770 Leaerrtorinmiin
827 717 1032 770 utrumnum.

294 819 308 878 1
330 819 372 876 Irn
388 837 410 892 p
433 861 438 872 .
458 815 607 874 Gratianus
630 815 837 872 Valentinianus
854 823 881 872 et
898 815 1065 874 Ibeodosins

258 889 338 944 Aru.
386 835 495 944 oliano.
536 887 646 942 Omnem
668 899 798 940 summam
821 885 881 940 auri
897 885 939 940 vel
962 887 1065 956 argenti

258 959 470 1028 reliquarumque
493 955 655 1026 specierum,
680 971 749 1024 quae
773 955 855 1010 sacris
878 953 1064 1022 largitionibus

258 1043 291 1080 ex
314 1041 387 1080 more
407 1023 575 1094 penduntur,
600 1023 690 1078 statim
713 1029 744 1076 ιιι
767 1023 870 1076 exactio
892 1023 974 1078 fuerit
995 1025 1063 1078 cele-

257 1097 344 1158 brata,
361 1095 397 1148 ad
414 1093 555 1148 thesauros
573 1091 781 1160 uniuscuiusque
802 1091 954 1160 provinciae
971 1091 1011 1146 vel
1028 1093 1064 1148 ad

257 1163 394 1232 proximos
416 1159 510 1216 referri
532 1161 588 1224 sub,
606 1159 790 1228 obsignatione
812 1157 939 1214 tabularii
962 1165 1064 1216 cetero·

257 1247 381 1300 rumque,
414 1245 480 1298 quos
510 1229 638 1286 sollicttos
668 1243 726 1282 esse
753 1227 849 1283 debere
875 1229 1064 1298 praecedentia

257 1301 330 1354 iussa
356 1301 538 1362 decreverant,
566 1303 592 1352 et
617 1295 805 1352 thesaurorum
821 1295 981 1366 praepositis
999 1313 1062 1352 con-

257 1367 357 1436 signari
385 1365 576 1436 praecipimus,
606 1369 637 1420 ιιι
664 1364 759 1420 exinde
788 1365 822 1418 ad
851 1381 958 1420 sacrum
982 1367 1062 1420 comi-

256 1439 359 1492 tatum¹
382 1437 483 1502 integer
505 1435 621 1490 omnium
644 1433 783 1488 titulorum
814 1449 940 1490 numerus
966 1433 1062 1502 diriga-

257 1509 309 1560 tur.
349 1505 382 1562 D.
405 1517 455 1560 ιιι
478 1501 504 1556 lc.
528 1505 598 1574 Aup.
622 1499 790 1556 Merobaude
811 1517 840 1556 rr
865 1509 893 1556 ot
913 1501 1062 1624 Saturrpppo

257 1589 342 1632 conss.
959 1587 983 1624 a.

290 1637 309 1698 2
329 1639 427 1714 ²Incpp.
447 1637 589 1694 Honorius
606 1645 634 1694 et
651 1637 817 1694 Theodosius
833 1639 889 1694 ΛΑ.
910 1575 1062 1694 airoino}

255 1711 337 1764 minna
356 1727 405 1782 pp.
448 1707 557 1776 ’Neque
580 1723 717 1762 sacrarum
741 1707 902 1778 privatarum
924 1707 966 1760 rel
983 1707 1061 1776 largi-

255 1779 359 1834 tionum
374 1777 495 1848 palatina
512 1775 602 1830 officia
620 1793 653 1830 ex
670 1781 837 1844 quacumque
851 1791 934 1832 causa
949 1791 981 1830 ex
995 1791 1062 1844 quo-

257 1861 370 1916 cumque
395 1845 473 1900 titulo
498 1843 597 1898 fiscalis
623 1845 720 1910 debiti,
754 1859 813 1898 cum
840 1845 874 1898 ad
899 1843 1062 1914 provinciam

256 1917 405 1980 mittuntur,
421 1929 591 1982 possessores
606 1927 655 1982 per
671 1929 699 1968 se
713 1913 831 1968 audeant
844 1913 992 1978 consonus,
1006 1913 1062 1968 sire

255 1985 283 2038 id
306 1983 506 2062 erpraeberito
532 1983 664 2048 reliquum
690 1983 814 2036 trahatur
841 1997 888 2036 εειι
914 1979 1061 2052 praesentis

255 2055 381 2120 tempests
404 2051 506 2106 tributo
527 2051 594 2104 solvi
618 2051 770 2104 conveniat:
794 2051 841 2104 sed
862 2057 981 2106 rectores
998 2063 1061 2120 pro·

255 2121 402 2176 vincmrnm
422 2117 575 2188 frequenter
598 2117 721 2174 adeundo
750 2121 936 2174 commoneant
957 2133 1060 2174 eorum·

259 2195 268 2242 l
298 2205 348 2258 que
366 2187 462 2244 ciliciis
476 2187 643 2242 incumbant.
671 2187 749 2254 Quod
766 2187 789 2242 si
806 2191 895 2244 rector
909 2187 1061 2258 provinciae

254 2257 433 2312 Inminentem
455 2255 506 2312 sibi
527 2261 735 2310 memoratorum
757 2253 890 2312 declinare
914 2253 1061 2310 molestiam

255 2341 384 2396 quaerens
408 2325 451 2380 ιει
494 2323 596 2380 utlibet
622 2323 675 2378 alia
701 2325 805 2378 ratione
836 2325 920 2380 isdem
952 2323 1061 2394 propria

254 2393 414 2450 auctodtate
428 2393 483 2462 pub
496 2393 553 2448 'cae
568 2393 716 2448 exactionis
728 2393 878 2462 permiserit
891 2407 990 2460 curam,
1004 2395 1061 2446 tam

254 2463 312 2532 ipse
329 2477 408 2534 quam
425 2459 543 2516 officium
560 2461 618 2516 eius
635 2461 730 2516 uicena
748 2461 807 2516 auri
822 2463 913 2532 pondo
930 2459 997 2516 lisso
1015 2461 1061 2516 de·

254 2531 378 2654 pendent.
412 2529 445 2586 D.
469 2543 511 2584 ιιι
532 2529 568 2584 id.
587 2527 651 2584 Dea.
673 2529 910 2604 Constantinopoli
926 2529 1017 2584 Basso
1035 2535 1062 2586 ct

278 2597 328 2654 ltili
368 2613 488 2654 oconss.
947 2603 982 2664 [a.
1000 2601 1060 2662 408]

288 2663 306 2726 3
342 2683 413 2740 mpp.
433 2665 488 2720 Leo
506 2671 534 2720 et
550 2663 709 2722 Anthemius
725 2667 781 2722 ΛΑ.
801 2665 952 2722 Heliodoro
970 2665 1061 2720 comiti

254 2753 394 2792 sanorum
421 2735 605 2806 tarpitionum.
649 2733 790 2804 Praecepit
811 2741 905 2790 nostra
931 2735 1059 2790 serenitas

254 2803 441 2928 11iiiiaiiii
458 2803 1060 2928 tibhtintinnire-‘timtt

254 2887 556 2996 {chortahbusgroificiis
580 2939 790 3008 ambrosiusque
812 2889 1059 3010 proiecticiam

253 3009 364 3064 ιίοιιειεε
379 3007 471 3064 titulos
486 3011 634 3062 retractare
650 3011 861 3076 constituuntur,
876 3025 937 3064 eum
949 3015 977 3062 et
989 3009 1059 3062 idem

254 3077 416 3146 amplissima
437 3075 609 3146 praefectura
632 3077 795 3146 disposuisse
818 3077 1002 3146 perhibeatur,
1028 3083 1059 3130 ut

253 3147 294 3200 his
312 3143 517 3200 necessitatibus
533 3145 640 3200 liberati
657 3143 771 3200 fideliter
791 3145 973 3214 largitionales
994 3145 1058 3200 titu-

255 3221 266 3268 ι
302 3213 344 3270 los
366 3215 473 3268 adeant
494 3215 649 3268 retractare.
692 3213 767 3282 Quod
791 3215 813 3268 si
833 3215 921 3284 aliquo
939 3221 1059 3284 tempore

252 3287 345 3338 nostm
367 3281 450 3338 iussio
473 3281 615 3336 temerario
637 3297 705 3338 ausu
728 3299 760 3338 ex
778 3283 867 3350 aliqua
884 3287 962 3352 parte
978 3281 1059 3336 fuerit

252 3351 364 3416 dolata,
386 3353 442 3404 tam
464 3355 553 3404 rector
575 3351 729 3420 provinciae
752 3365 831 3416 quam
851 3351 983 3420 apparitio
1001 3351 1058 3408 eius

251 3419 360 3488 triginta
391 3419 519 3472 librarum
549 3417 609 3470 auri
647 3419 866 3474 condemnatione
896 3419 1057 3488 plectentur.

252 3491 267 3542 2
301 3487 366 3542 Insa
385 3501 414 3542 er
429 3485 513 3540 virum
527 3485 701 3566 spectabilem
715 3485 831 3542 Orientis
850 3487 972 3542 cominus
989 3487 1058 3542 eius·

252 3571 303 3624 que
325 3503 443 3610 arrisum
465 3553 601 3608 licentram
624 3553 725 3610 habere
749 3559 861 3610 conatus
884 3555 1001 3610 nefarios
1018 3555 1058 3608 in-

251 3623 361 3678 hibendi
385 3629 441 3676 tam
467 3621 664 3676 moderatorum
690 3639 770 3692 quam
796 3623 941 3678 cohortalis
968 3623 1057 3692 officii,

252 3707 312 3748 cum
333 3691 366 3746 de
388 3691 441 3746 hac
462 3707 492 3746 re
509 3689 638 3746 admoniti
654 3689 756 3746 luerint
773 3707 789 3746 a
806 3693 932 3762 palatinis
951 3695 978 3746 et
995 3707 1057 3746 ean·

251 3761 310 3816 dem
331 3775 446 3830 poenam
468 3757 686 3826 formidantibus,
709 3761 732 3814 si
755 3775 809 3814 non
833 3761 956 3816 omnibus
973 3761 1057 3818 modis

251 3829 358 3900 pietatis
380 3831 490 3884 nostrae
512 3827 621 3882 decreta
645 3843 792 3896 congruum
808 3835 961 3884 mereantur
977 3829 1057 3884 effec-

252 3901 321 3966 ttl)
354 3901 419 3952 turn.
459 3895 530 3950 illud
557 3895 639 3950 etiam
665 3897 784 3964 generali
806 3897 894 3952 forma
914 3899 1056 3962 sancimus,

250 3969 282 4022 ιιι
302 3965 331 4020 iu
356 3965 477 4020 omuibus
500 3965 643 4034 provinciis
666 3971 721 4020 mm
739 3965 884 4022 nominatio
902 3965 1058 4034 specialium

251 4039 435 4102 susceptomm
458 4031 664 4100 largitionalium
686 4033 825 4088 titulomm
842 4049 921 4116 quam
940 4033 1056 4090 defensio

250 4105 427 4158 tractatorum
443 4115 498 4156 non
515 4105 620 4154 tantum
637 4115 685 4170 ρει
699 4103 769 4156 siros
788 4103 949 4158 clarrssimos
965 4103 1056 4156 mode-

250 4175 353 4226 ratores
368 4167 570 4240 provinciarum,
586 4169 633 4224 sed
646 4169 727 4224 etiam
743 4185 792 4240 per
809 4171 879 4226 uiros
898 4169 1057 4240 spectabiles

250 4241 425 4310 proconsules
443 4241 470 4292 et
486 4237 653 4304 praetectum
669 4237 844 4320 Augustalem
862 4255 894 4294 ac
908 4239 1057 4294 laudabiles

250 4307 364 4364 sicarios
381 4321 435 4362 una
453 4321 514 4360 cuns
532 4321 623 4360 eorum
641 4305 749 4374 officiis,
767 4307 970 4362 admonentibus
988 4323 1056 4362 sem·

249 4373 1056 4514 iratisttrististristis,trititiam

418 4483 425 4508 i

251 4513 435 4580 susceptorum
458 4511 665 4580 largitionalium
689 4513 826 4568 titulorum
845 4513 920 4568 nulla
936 4513 1055 4568 minuen-

249 4581 300 4634 dae
323 4577 470 4634 enactionis
493 4577 528 4634 ad
551 4595 658 4634 sacrum
678 4581 836 4648 pertinentis
859 4581 992 4636 aerarium
1009 4587 1056 4636 aut

248 4647 428 4702 mansionarii
445 4647 480 4700 ad
492 4649 610 4702 arcanos
626 4653 673 4700 aut
686 4649 819 4718 quoslibet
833 4649 900 4704 ahos
915 4655 1055 4706 extraneos

248 4715 339 4770 tibulos
365 4715 513 4770 rectoribus
539 4715 738 4784 provinciarum
763 4721 810 4772 aut
836 4733 927 4772 eorum
950 4717 1054 4784 officiis,

249 4783 297 4838 sed
323 4783 403 4838 etiam
429 4783 574 4838 curialibus
599 4783 706 4838 noenta
731 4785 915 4856 permittatur:
947 4787 1054 4856 quadri-

249 4851 392 4906 menstruis
415 4851 540 4906 brevibus
562 4853 752 4922 peridoneum
769 4859 942 4910 hortatorem
959 4869 1054 4910 eorun-

249 4919 307 4976 dem
324 4919 461 5000 titulorum
479 4935 560 4988 super
575 4921 790 4978 commendandis
804 4923 952 4978 ratiociniis
965 4923 1054 4992 publi-

249 4989 287 5044 cis
304 4987 423 5056 perrculc
438 4991 573 5042 rectorum
605 4989 784 5044 rosinciarum
798 4991 832 5044 ad
848 4991 1054 5046 sacratissimam

1114 545 1147 602 n.
1175 559 1233 600 ιιιι
1256 543 1282 600 ι.
1307 545 1389 616 Aren·
1415 541 1651 618 Constantinopoli
1673 541 1816 676 atntbanio1
1838 545 1922 668 aton

1114 631 1185 668 cons.
1817 629 1841 666 α.
1860 619 1909 668 48

1147 681 1167 740 4
1185 681 1261 736 idern
1278 679 1335 734 An
1355 677 1506 734 heliodoro
1524 681 1616 736 coniti
1632 695 1774 736 sanarum
1796 621 1921 752 torpino}

1113 767 1184 806 nun.
1219 749 1414 818 Rutupinus,
1437 751 1480 814 ut,
1503 747 1527 802 si
1543 747 1613 804 torte
1631 747 1775 818 delegatio,
1799 763 1869 818 quae
1885 753 1920 806 ab

1114 819 1276 890 amplissima
1307 817 1478 886 praefectura
1508 815 1537 869 iu
1567 815 1686 874 diversas
1712 817 1863 888 provincias
1888 835 1921 874 ex

1113 903 1187 942 more
1213 887 1356 956 quotannis
1383 883 1524 948 emittitur,
1556 885 1643 940 minue
1670 887 1804 942 contineat
1829 903 1920 942 omnes

1113 953 1293 1024 largitionales
1319 953 1411 1010 titulos
1437 955 1485 1032 aut
1512 967 1563 1034 quc
1591 953 1669 1008 modo
1698 955 1802 1010 exacto
1829 969 1920 1010 eorum

1114 1024 1194 1080 debet
1230 1023 1368 1088 recedere,
1392 1020 1474 1076 nihilo
1492 1035 1579 1076 minus
1598 1023 1806 1090 competentem⁷
1823 1037 1841 1076 a
1856 1023 1919 1078 viris

1113 1041 1304 1162 spectaliilibus
1337 1097 1391 1144 tam
1422 1091 1626 1168 proconsulibus
1656 1105 1735 1160 quam
1760 1091 1866 1146 vicariis
1892 1099 1919 1148 et

1113 1163 1170 1217 viro
1188 1159 1329 1230 spectabili
1347 1159 1441 1214 comite
1457 1157 1572 1214 Onentis
1589 1161 1617 1212 et
1633 1159 1769 1226 praefecto
1778 1161 1920 1228 Augustali

1113 1245 1162 1284 nec
1185 1247 1239 1284 uon
1262 1227 1412 1282 rectoribus
1435 1225 1633 1294 provinciarum
1655 1241 1748 1282 eorum
1767 1245 1800 1284 ue
1823 1227 1919 1284 officiis

1113 1305 1140 1352 ει
1164 1297 1309 1352 curialibus
1336 1295 1452 1352 omnium
1477 1293 1684 1364 largitionalium
1709 1243 1848 1352 titionum
1873 1313 1919 1352 cx·

1113 1367 1262 1422 ιιειίοιιειιι8
1278 1365 1433 1434 procurari:
1456 1363 1608 1418 vicenarum
1629 1363 1757 1418 librarum
1778 1363 1838 1418 auri
1855 1381 1919 1420 con·

1113 1435 1308 1490 damnationem
1324 1449 1390 1502 prae
1408 1431 1493 1488 ocuhs
1513 1433 1688 1498 habentibus,
1710 1433 1816 1500 ort-quid
1832 1433 1918 1490 minus

1113 1509 1236 1558 mactum
1250 1503 1293 1558 vel
1304 1501 1409 1556 illatum
1422 1515 1500 1556 sacro
1514 1501 1595 1580 fuerit
1610 1501 1721 1580 aerario,
1736 1517 1815 1570 qnam
1828 1503 1920 1586 prisca

1113 1577 1140 1626 et
1163 1571 1310 1628 noemma
1333 1569 1499 1626 consuetudo
1523 1583 1607 1624 sacrm
1624 1569 1809 1638 largitionibus
1826 1571 1920 1626 inferri

1112 1643 1259 1696 constitnit.
1304 1637 1339 1694 D.
1370 1637 1396 1694 tr.
1423 1635 1476 1694 Iul.
1509 1637 1746 1710 Constantinopoli
1775 1637 1918 1696 Anthemio

1112 1711 1143 1764 A.
1163 1723 1191 1764 ιι
1206 1723 1279 1766 tons.
1805 1711 1839 1772 [a.
1858 1711 1917 1772 468]

1450 1813 1573 1878 XXIIII.

1145 1915 1193 1966 ΝΕ
1211 1913 1346 1966 ΟΡΕΒΔΕ
1363 1915 1385 1964 Δ
1403 1913 1656 1964 contricantes
1673 1913 1884 1964 mittaturne.

1145 2013 1161 2072 1
1192 2013 1284 2084 'Imp
1307 2055 1311 2068 .
1346 2011 1552 2070 Valentinianus
1584 2011 1684 2068 Valens
1713 2021 1741 2070 ot
1769 2011 1918 2070 Gratianus

1110 2029 1265 2166 Aetnaei·²
1280 2029 1432 2164 Iiocntun
1448 2099 1499 2164 pp:
1541 2081 1689 2152 Operamm
1713 2083 1917 2164 praebitionem,

1112 2167 1180 2222 quae
1196 2153 1324 2206 sllicrtea
1344 2151 1551 2218 pronncrahbus
1574 2151 1704 2206 hramnus
1727 2153 1845 2220 ειιρειιιε
1868 2157 1917 2218 εει,

1112 2221 1251 2276 sinceritas
1278 2221 1326 2274 tua
1352 2233 1458 2276 cessare
1482 2219 1639 2288 praecipiat.
1682 2217 1716 2274 D.
1738 2233 1761 2276 x
1784 2219 1810 2276 tc.
1832 2219 1916 2276 Mart.

1112 2287 1236 2344 ilionis
1255 2285 1446 2344 Valentiniano
1463 2303 1509 2360 np.
1526 2295 1554 2344 et
1575 2285 1683 2344 Victore
1697 2303 1785 2344 conss
1812 2293 1846 2354 [a.
1857 2295 1916 2356 369]

1471 2445 1563 2506 XXV.

1170 2547 1216 2596 DE
1235 2545 1454 2598 IMMUNITATE
1471 2545 1601 2598 NEMINI
1619 2545 1857 2600 concernunt.

1128 2643 1160 2726 ,1
1184 2645 1314 2770 ¹⁰InaApp.
1340 2643 1489 2702 wettanus
1517 2645 1723 2702 Valentinianus
1745 2651 1773 2702 et
1796 2645 1917 2702 Theodo-

1108 2731 1167 2768 aus
1191 2717 1240 2770 ΛΑ
1267 2757 1272 2768 .
1305 2715 1344 2770 ool
1362 2715 1506 2788 populun.
1550 2715 1600 2770 His
1630 2721 1739 2772 rosnae
1766 2715 1916 2774 serenitatis

1109 2783 1203 2838 edictis
1225 2783 1364 2838 civitatum
1387 2783 1527 2840 tabulariis
1550 2783 1602 2840 erit
1622 2781 1730 2840 flamma
1747 2783 1916 2854 supplicium,

1110 2853 1133 2906 si
1151 2851 1308 2920 cuiusquam
1325 2853 1420 2906 fraude
1441 2851 1542 2906 ambitu
1559 2855 1693 2922 potestate
1709 2853 1810 2908 iniusta
1827 2855 1916 2908 ouius-

1109 2921 1210 2990 piane
1231 2921 1432 2990 profiteretur¹²
1448 2921 1614 2986 immunitas,
1638 2935 1671 2974 ac
1694 2937 1749 2976 non
1771 2921 1915 2976 secundum

1109 2989 1314 3072 praecedentem
1334 2987 1659 3072 detritionemffomnes
1682 2989 1793 3070 omnino
1815 2989 1917 3072 abolita

1109 3059 1916 3206 stitit,ininitiabilisstttittlttltit

1109 3195 1260 3248 viucialium
1273 3195 1479 3266 suducum'perae
1498 3197 1607 3252 ιιειίοιιε
1616 3195 1812 3248 constrinxerit.
1832 3195 1865 3250 D.
1876 3209 1919 3250 ιιι

1108 3279 1171 3316 non.
1196 3263 1279 3318 Mars.
1304 3263 1455 3318 Mediolani
1508 3263 1644 3320 notando
1668 3277 1695 3318 rr
1715 3271 1742 3318 et
1765 3261 1915 3396 Saparnino

1109 3347 1195 3386 conss.
1811 3347 1836 3386 a.
1856 3337 1904 3386 383

1143 3395 1161 3454 2
1187 3395 1271 3472 “imp
1293 3441 1298 3452 .
1324 3397 1467 3454 Honorius
1492 3405 1520 3454 et
1542 3399 1708 3456 modarius
1733 3399 1788 3454 ΑΛ.
1815 3337 1914 3456 Ababa!

1107 3467 1162 3522 ario
1174 3485 1225 3538 pp.
1285 3483 1314 3522 er
1330 3467 1482 3538 Bithyniam
1505 3471 1662 3536 ceterasque
1683 3467 1835 3538 provincias
1850 3485 1915 3538 pos·

1108 3551 1236 3618 sessores·
1259 3541 1286 3590 et
1316 3535 1480 3618 reparationi
1508 3535 1610 3620 publici
1638 3535 1741 3606 aggeris
1768 3541 1795 3590 et
1820 3537 1915 3592 ceteris

1108 3605 1238 3660 eiusmodi
1259 3605 1413 3660 muneubas
1436 3621 1486 3674 pro
1507 3607 1660 3674 ιιιειιιιιιιι15
1678 3621 1791 3662 numero
1808 3605 1849 3660 rel
1870 3621 1914 3660 ca·

1106 3673 1200 3794 ptum,
1218 3689 1287 3742 quae
1304 3673 1440 3742 possidere
1457 3677 1612 3738 noscuntur,
1631 3673 1758 3742 adshingi
1776 3679 1913 3742 cogantur.

1135 3783 1141 3794 .
1168 3755 1213 3796 ιιι
1235 3741 1262 3796 ir.
1284 3741 1353 3798 lton
1384 3741 1620 3816 Constantinopoli
1640 3741 1767 3798 Honorio
1797 3755 1868 3798 ιιιιι
1888 3749 1914 3798 et

1109 3809 1260 3866 mortono
1283 3825 1302 3864 r
1315 3809 1372 3866 At.
1391 3825 1478 3866 conss,
1800 3815 1836 3878 [a.
1853 3815 1914 3876 atat

1454 3969 1561 4030 XXVI.

1196 4067 1243 4118 DE
1262 4065 1420 4120 CONDITIS
1437 4069 1476 4118 IN
1493 4067 1650 4120 PUBLIGIS
1667 4067 1821 4120 nonnam.

1142 4165 1156 4224 1
1187 4165 1298 4240 ¹⁸impp,
1323 4167 1530 4226 Valentinianus
1552 4175 1580 4224 et
1602 4167 1703 4224 Valens
1721 4169 1776 4226 ΑΑ.
1801 4169 1839 4224 ool
1862 4169 1915 4226 Vo-

1107 4235 1243 4318 lusianum
1262 4253 1314 4358 pu.
1358 4235 1483 4320 Οιιιιιίειτ
1505 4251 1575 4308 quae
1595 4237 1635 4316 in·
1649 4237 1752 4292 horreis
1779 4237 1914 4292 habentur

1106 4305 1230 4428 titii,
1241 4309 1497 4442 'lxiibitffiai‘
1510 4320 1572 4430 tt
1583 4303 1912 4444 ,trististristis

1106 4439 1208 4498 homeis
1234 4441 1361 4510 infertur,
1385 4457 1464 4512 quam
1487 4449 1576 4498 vetera
1600 4443 1709 4497 commta
1730 4441 1831 4496 ιιιειίιιι
1853 4459 1911 4500 ero·

1109 4517 1120 4564 t
1156 4515 1227 4580 gata.
1266 4509 1305 4564 Et
1326 4511 1351 4566 si
1370 4511 1440 4568 torte
1457 4515 1590 4566 vetustate
1610 4511 1713 4580 species
1729 4511 1769 4566 ita
1787 4519 1913 4580 corrupta

1105 4583 1159 4646 est,
1181 4583 1212 4632 ut
1234 4595 1282 4648 per
1307 4585 1389 4634 semet
1413 4581 1518 4646 erogari
1538 4581 1596 4634 sine
1613 4579 1731 4648 quaeue
1748 4595 1803 4634 non
1818 4581 1911 4650 possit,

1106 4647 1190 4700 eidem
1207 4663 1240 4702 ex
1257 4661 1326 4704 nora
1342 4649 1464 4716 porticum
1486 4649 1641 4714 misceatur,
1664 4649 1740 4702 cuius
1764 4647 1912 4704 adiectione

1106 4719 1120 4770 2
1156 4715 1293 4786 corruptio
1315 4718 1403 4772 relata
1427 4715 1551 4770 damnum
1572 4715 1639 4772 fisco
1665 4733 1719 4772 non
1742 4715 1833 4772 iaciat.
1868 4717 1911 4772 Ad

1101 4783 1178 4838 istud
1194 4791 1284 4840 numm
1300 4787 1436 4854 negotium
1452 4787 1586 4840 arbitratu
1604 4799 1637 4838 ac
1654 4785 1752 4840 iudicio
1769 4789 1817 4838 tuo
1834 4787 1911 4840 nobi·

1104 4853 1138 4906 lis
1160 4853 1279 4920 prudens
1301 4853 1386 4908 fidelis
1410 4853 1508 4922 optime
1527 4853 1578 4910 sibi
1597 4853 1719 4908 conscius
1736 4867 1785 4922 pro
1802 4853 1910 4922 integri·

1103 4919 1168 4974 tatis
1192 4921 1293 4976 merids
1316 4921 1467 4990 adponatur
1490 4925 1582 4976 custos
1604 4935 1638 4974 ao
1658 4937 1777 4984 mensor,
1801 4923 1848 4988 qui
1870 4923 1911 4976 rel

1103 4987 1237 5044 frumenta
1253 4989 1341 5044 modio
1358 4991 1483 5044 metiatur
1499 4989 1635 5046 relinitis
1653 4987 1911 5044 εεειίιιιειίοιιίιιιιειε

248 5063 264 5112 ι
298 5057 391 5110 urbem
408 5057 576 5112 transmittor
597 5057 627 5110 ἐ.
655 5057 726 5112 iiam
740 5073 905 5130 quacumque
921 5075 954 5114 ex
968 5065 1053 5130 parte,
1104 5057 1227 5126 colligat,
1255 5063 1356 5126 quanta
1381 5057 1532 5114 habeantur
1555 5057 1584 5114 in
1610 5057 1726 5114 condito.
1767 5055 1800 5112 D.
1825 5071 1855 5112 ιι
1873 5057 1908 5112 id.

248 5141 328 5196 quam
356 5123 435 5176 iussit
466 5131 558 5180 nostra
589 5127 783 5196 tranquillitas,
813 5127 837 5180 si
861 5129 949 5184 minus
974 5127 1056 5182 fucrit
1103 5127 1190 5196 April.
1209 5127 1272 5182 clivo
1290 5123 1405 5182 Ioviano
1423 5131 1450 5182 et
1472 5125 1644 5180 Varroniano
1663 5141 1750 5180 corus.
1796 5129 1831 5190 [a.
1850 5131 1909 5192 aet]

248 5189 444 5264 procurabunt
461 5207 548 5258 poena
563 5195 685 5262 superius
701 5195 838 5264 designata
850 5199 906 5252 tam
920 5197 972 5266 ipsi
985 5196 1053 5251 iudi-
1139 5189 1158 5246 2
1182 5193 1257 5246 raon
1274 5195 1330 5246 ΑΛ.
1349 5189 1469 5246 Artenia
1486 5189 1644 5262 praestate.
1682 5189 1746 5242 Cum
1764 5191 1798 5242 ad
1816 5203 1907 5256 quam-

248 5279 292 5318 ccs
311 5277 390 5330 quam
407 5271 498 5312 eorum
516 5261 606 5318 cilicia
624 5277 653 5318 se
670 5265 792 5318 noremnt
813 5279 872 5318 esse
888 5265 1053 5334 plectendos.
1103 5261 1169 5318 libet
1185 5263 1279 5318 urbem
1293 5263 1488 5318 mentionemve
1503 5259 1657 5324 accesseris,
1674 5261 1798 5328 protinas
1812 5259 1910 5314 horrca

247 5435 277 5498 (1)
294 5433 326 5484 ad
343 5433 428 5486 rubam
446 5429 539 5496 region
557 5435 583 5484 Β
636 5433 669 5500 (ι)
687 5461 721 5480 =
737 5437 780 5488 Tb.
797 5437 835 5500 11,
849 5447 871 5500 ι,
885 5449 909 5490 ιι
961 5437 995 5502 (s)
1009 5453 1051 5488 ne-
1102 5437 1146 5502 (ιι)
1163 5439 1224 5488 taem
1242 5437 1302 5488 Ti„-
1316 5435 1488 5500 provideretur
1502 5453 1548 5486 aar.
1592 5433 1638 5498 (rs)
1654 5431 1742 5498 ofili.
1755 5431 1860 5496 lt,1o‚s
1867 5451 1907 5498 pr.

248 5519 296 5568 qne
313 5507 414 5566 agentes
429 5501 457 5552 in
474 5497 547 5548 rebus
563 5505 699 5566 praemittit
718 5505 763 5558 tt.
850 5505 882 5570 (t)
904 5503 1000 5570 prorid.
1022 5507 1051 5570 0,
1102 5503 1145 5568 (aa
1165 5507 1203 5566 ll,
1221 5515 1257 5568 ts,
1275 5507 1299 5566 a)
1372 5507 1416 5570 (ιι)
1433 5523 1467 5544 ==
1487 5503 1533 5554 Tb.
1553 5505 1591 5568 15,
1610 5513 1662 5564 ιι
1736 5498 1781 5563 (tt)
1799 5501 1834 5552 sic
1854 5501 1908 5562 Tic,

248 5591 291 5624 om.
309 5571 340 5622 K
394 5573 426 5638 (ι)
443 5571 479 5622 sic
497 5567 564 5630 edd,
577 5573 720 5632 procuratio
738 5573 797 5626 iibri
854 5575 888 5640 (a)
906 5573 985 5638 April.
1004 5591 1050 5624 sor.
1101 5573 1215 5636 iugerum
1235 5575 1293 5624 iibri
1343 5573 1388 5640 (ιι)
1406 5597 1440 5638 ιε
1455 5571 1498 5622 Τι.
1519 5575 1557 5636 11,
1574 5581 1635 5634 ιιι
1686 5567 1731 5630 (ιι)
1749 5569 1807 5618 ante
1824 5567 1908 5618 omnia

248 5639 281 5706 (ι)
299 5641 475 5704 competentem
491 5639 587 5702 scripsi,
605 5653 684 5704 comp.
701 5641 845 5706 [competere
860 5643 883 5702 Ιι
899 5641 1051 5692 exactionem
1100 5647 1183 5690 antam
1200 5641 1346 5708 praarussis
1363 5641 1420 5692 aliis
1439 5639 1484 5692 Tr.
1569 5639 1616 5704 (ιι)
1638 5633 1836 5698 adlegationibus
1862 5637 1907 5688 Tb.

247 5707 394 5770 eorumKI,
411 5721 489 5772 comp.
507 5703 608 5756 iudicer
621 5707 675 5772 (sic)
692 5709 714 5760 0
734 5733 737 5736 ·
765 5711 799 5774 (s)
818 5711 969 5762 exactionem
985 5711 1050 5774 dett,
1100 5711 1293 5776 (inserendam
1312 5709 1358 5762 Tb.
1378 5707 1623 5774 e,s,1Arttentas
1643 5703 1907 5756 consotori'rucans‘as

248 5775 374 5828 exactione
382 5775 465 5838 nor,
478 5793 521 5828 an.
531 5769 557 5822 1⁹
609 5773 856 5842 (s)=Tb.tr‚1o,1
905 5779 1049 5842 (ro)=ib.
1100 5787 1122 5828 u
1137 5777 1284 5830 Brittiorum
1302 5787 1356 5830 erar

250 5845 337 5906 13,1o,
353 5855 373 5908 t,
389 5855 412 5896 1:
431 5845 502 5912 inape
518 5845 558 5906 11,
572 5851 636 5904 snt
688 5845 731 5908 (ιι)
745 5845 786 5896 cui
803 5849 899 5912 uspiam
917 5847 1049 5898 Mommsen
