4250 6258
250 401 342 470 Xli

1605 413 1649 462 Μ’
1670 413 1791 464 NEMINI
1812 415 1933 466 HGEM

939 487 1245 504 ⁸¹............—--·----2—·=--—·-··-·--·-·-==

317 581 348 632 έν
371 575 454 632 εἰδεσι
476 573 633 632 συντέλειαν
655 581 712 632 τοῖς
731 569 796 632 κατ’
817 573 902 644 uiris
920 575 1068 650 ι’δρυμένοις
1123 581 1200 648 ibib)
1218 575 1380 662 ἀπρτροφῆς.
1414 575 1587 636 ‘numeroso
1610 579 1641 636 δέ
1658 581 1698 648 τῷ
1717 587 1860 664 προετίμα)
1878 583 1937 636 τιῦν

319 643 514 720 στρατιώταις,
537 651 582 698 καί
605 641 723 700 πάντων
740 643 843 716 μᾶλλον
861 645 1069 722 ἀποτρέψεσθαι

319 715 354 768 εἰς
387 711 473 782 αὐτὴν
506 713 690 788 στρατιωτικά
721 713 757 770 τά
772 737 849 784 ματα
881 711 950 790 ἀνάγ
1010 721 1069 772 ἐστί

320 781 429 850 συνεχὴς
461 779 532 838 πάνυ
563 785 694 854 γίνεσθαι
703 787 719 848 ¹,
750 735 843 852 δπειδὴ
869 785 906 854 μὴ
933 737 1070 852 iigenium

320 849 382 916 δίχα
400 851 522 916 συνωνῆς
538 847 748 924 διαστρέφεσθαι
765 851 828 906 τοῦς
847 857 878 906 έν
896 849 964 926 αὐτῇ
988 871 1070 926 στρα·

320 917 435 972 τιώτας·
462 921 492 972 ἐν
517 921 604 992 ἐκείνη
627 927 722 974 τοίνυν
744 923 777 994 τῇ
803 915 932 986 διοικήσει
956 915 972 988 ἡ
993 927 1071 998 μέχρι

321 983 438 1058 σήμερον
466 993 599 1060 κρατείτω
626 985 775 1058 συνήθεια,
806 985 993 1060 ὑποκειμένων
1024 995 1070 1044 καί

320 1057 379 1110 τῶν
397 1053 527 1130 ἐμπόρων
543 1057 578 1130 τῇ
597 1059 741 1124 συνηθείᾳ,
763 1055 897 1130 πρότερον
915 1061 1007 1128 μέντοι
1025 1065 1071 1112 καί

321 1127 377 1178 τοίς
399 1121 587 1178 συντελεσταῖς
609 1131 654 1178 καὶ
678 1131 734 1180 τοῖς
757 1125 884 1200 ἐμπόροις
903 1125 1070 1196 καταβαλλο·

320 1197 403 1262 μένου
428 1193 477 1246 τοῦ
504 1195 549 1260 τῆς
575 1195 695 1262 συνωνῆς
718 1199 828 1268 χρυσίου
854 1197 884 1248 έν
908 1191 1072 1266 εδοτάθμοις

322 1265 469 1330 νομίσμασι
492 1265 537 1312 καί
555 1255 690 1334 όβρῦζοις,
713 1267 758 1316 καί
776 1257 863 1316 οῦτως
881 1259 973 1316 αὐτῶν
989 1259 1070 1318 ἀπαι-

321 1333 462 1400 τουμένων
479 1325 669 1402 ἀδιαστρόφως
686 1335 733 1382 καί
750 1327 870 1400 ἀζημίως
887 1331 919 1384 τό
935 1327 1003 1386 εἶδος
1019 1333 1070 1386 εἰσ·

323 1403 423 1470 φέρειν,
446 1397 495 1450 τοῦ
518 1391 653 1450 δὲταῦτα
671 1403 892 1468 παραβαίνοντος
909 1403 965 1452 τοῖς
983 1395 1072 1454 αὐτοῖς

260 1471 287 1520 11
325 1469 469 1536 ἐπιτιμίοις
494 1459 676 1534 ἀποκειμένου.
719 1463 836 1520 Βέλτιον
861 1465 912 1540 γάρ
938 1463 999 1520 ἀντὶ
1025 1469 1072 1536 τῆς

326 1531 462 1600 ἰδιωτικῆς
479 1533 621 1604 έμπορείας
636 1533 739 1602 μᾶλλον
756 1537 813 1588 τοῖς
829 1533 1010 1608 στρατιώταις
1027 1541 1072 1588 καί

325 1601 387 1656 τοῦς
418 1597 549 1672 ἐμπόρους
580 1619 644 1676 χορη
663 1607 702 1656 εῖν
732 1601 781 1658 τὰς
806 1599 952 1676 ἀναγκαίας
980 1599 1073 1656 αὐτῶν

262 1679 291 1728 tt
302 1675 338 1742 (t)
356 1667 519 1744 άποτροφάς.
552 1665 617 1722 Ἐὰν
634 1621 666 1724 δέ
681 1689 750 1724 ποτε
772 1667 819 1724 διά
836 1689 913 1724 τινας
929 1667 1020 1726 πόλεις
1036 1669 1074 1742 μὴ

326 1739 436 1808 ἰχοῦσας
458 1737 589 1792 τιτανικὰ
611 1733 737 1814 χρήματα
753 1735 821 1810 μήτε
838 1739 977 1814 ἑτέρωθεν
994 1737 1073 1794 εῦπο·

326 1805 425 1882 ρούσας
436 1799 537 1892 ἀνάγκη
546 1811 639 1880 γέγονε
647 1805 774 1874 συνωνὴν
784 1805 963 1876 ποιήσασθαι,
973 1809 1073 1872 ἐξέστω

326 1879 378 1946 μέν
399 1879 455 1928 τοῖς
477 1891 586 1948 αρχονσι
609 1875 711 1940 ταύτην
730 1881 831 1940 ποιεῖν,
858 1879 888 1930 έν
904 1875 974 1948 μόνη
992 1873 1023 1930 δέ
1040 1879 1074 1952 τῇ

328 1949 420 2018 ἐνορίη
445 1945 492 2028 rip
514 1939 618 1998 πόλεως
639 1945 686 2012 τῆς
709 1947 759 1998 τοῦ
782 1951 858 1998 σίτου
881 1941 1006 2014 δεομένης
1029 1949 1074 1998 καί

329 2017 359 2066 έν
376 2015 432 2066 τοῖς
449 2013 529 2084 αυτῆς
546 2005 638 2084 ὁρίοις,
662 2017 706 2066 καί
725 2009 795 2066 κατὰ
812 2011 846 2066 τὰ
863 2015 894 2068 ἐν
911 2017 966 2066 τοῖς
982 2009 1076 2068 τόποις

329 2083 483 2156 κρατοῦντα
496 2077 564 2134 κατά
577 2079 672 2152 καιρόν
683 2077 831 2152 τιμήματα.
855 2085 936 2138 τοῦτο
950 2079 980 2136 δὲ
988 2103 1075 2154 παρα-

330 2147 543 2222 φυλαττέτωσαν
566 2153 611 2200 καὶ
634 2149 662 2204 οἱ
683 2157 798 2224 πατέρες
819 2153 878 2204 τιῦν
900 2147 1008 2208 πόλεων
1031 2157 1075 2204 καὶ

266 2219 414 2288 13ρὸγπῦις
436 2221 524 2292 ἔτερος
545 2219 591 2286 τῆς
613 2219 734 2288 συνωνῆς
756 2219 960 2292 προνοοῦμενος.
987 2221 1023 2274 Εἰ
1046 2217 1077 2272 δέ

332 2291 377 2342 καί
394 2283 495 2360 ἀνάγκη
512 2291 617 2360 γίνεται
633 2285 777 2354 πολιτικὴν
794 2289 926 2360 γενέσθαι
942 2285 1077 2356 συνωνὴν,

334 2351 369 2410 eis
386 2357 606 2424 ἐπιζητουμένων
624 2353 706 2410 εἰδιῦν
733 2359 763 2408 ἐν
787 2357 819 2430 τῇ
844 2353 966 2426 βασιλίδι
989 2353 1077 2424 πόλει,

332 2427 378 2480 καί
395 2427 426 2478 έν
442 2421 527 2506 τοξότῃ
544 2421 613 2476 κατὰ
628 2423 711 2508 θείαν
726 2423 815 2496 μόνην
829 2423 949 2480 κέλευσιν
963 2431 1077 2514 προβαι-

1187 667 1361 716 πεντηκοντα
1384 649 1431 704 τοῦ
1452 655 1561 722 χρυσίου
1583 651 1687 724 λιτρῶν
1704 653 1748 702 καί
1767 669 1815 702 τον
1832 651 1869 704 εἰς
1887 649 1937 716 ζώ-

1187 737 1240 786 νην
1262 723 1308 770 καί
1331 713 1413 782 ἀξίαν
1435 711 1596 788 ὑπομενέτω
1616 715 1744 774 κίνδυνον
1761 711 1808 784 ἦτε
1857 725 1938 790 γίστη

1189 785 1263 850 τάξις
1279 789 1339 842 τιῦν
1356 783 1545 848 ἐνδοξοτάτων
1563 785 1690 858 ἐπάρχων
1706 791 1752 840 καί
1767 785 1795 838 oi
1835 805 1895 854 αμπ
1912 785 1938 842 ό-

1189 873 1268 908 τατοι
1289 857 1349 908 τών
1372 857 1512 922 ἐπαρχιῶν
1532 851 1659 926 ἄρχοντες
1676 855 1744 924 μετά
1764 855 1824 908 τών
1841 807 1938 908 πειθο-

1189 929 1283 992 μένων
1300 919 1392 976 αὐτοῖς
1412 921 1519 986 τάξεων
1541 925 1586 976 καὶ
1604 919 1632 974 οἱ
1647 923 1717 976 κατὰ
1734 919 1821 976 τόπον
1838 917 1939 976 έκδικοι

1190 997 1235 1046 καί
1257 989 1333 1046 ἄλλοι
1357 989 1385 1044 ci
1406 987 1608 1060 δημοσιεύοντος
1625 997 1844 1060 παραβαίνοντες
1862 987 1940 1046 αὐτοὶ

1190 1061 1240 1114 τὸν
1263 1061 1350 1130 νόμον
1372 1055 1389 1124 ἢ
1413 1059 1615 1132 παραβαθῆναι
1639 1063 1839 1142 συγχωροῦντες
1864 1055 1881 1126 ἢ
1902 1059 1940 1130 μὴ

1190 1125 1338 1198 μηνύοντες
1363 1123 1560 1198 ἀνυπερθέτως
1584 1129 1630 1178 καί
1653 1121 1766 1194 ἀληθως
1789 1125 1858 1182 κατὰ
1881 1131 1941 1182 τῶν

1190 1193 1425 1268 παραβαινόντων
1444 1193 1534 1250 αὐτόν.

1158 1263 1176 1322 3
1196 1263 1254 1332 ²[‘0
1278 1261 1358 1318 αῦτός
1380 1259 1515 1334 βασιλεῦς]
1535 1301 1645 1318 .....
1665 1265 1835 1334 Θεσπίζομεν
1859 1263 1939 1320 σιτώ·

1191 1355 1208 1388 ν
1226 1355 1243 1388 ν
1260 1371 1370 1388 .....

1192 1355 1290 1454 situm
1305 1403 1337 1454 έν
1351 1419 1408 1454 τινι
1422 1397 1499 1454 πόλει
1514 1395 1633 1454 τιτάνου
1646 1403 1758 1472 γένηται
1769 1407 1853 1472 χρεία,
1871 1421 1941 1456 κατα

1191 1467 1353 1538 δοκιμασίαν
1379 1473 1424 1520 καί
1457 1467 1585 1542 έπιλογὴν
1615 1465 1686 1520 καθ’
1718 1463 1833 1536 ἑκάστην
1859 1467 1941 1526 πόλιν

1192 1535 1341 1592 ἐπισκόπου
1362 1541 1408 1588 καί
1430 1539 1489 1590 τιῦν
1511 1539 1542 1590 ἐν
1558 1541 1614 1592 τοῖς
1637 1533 1764 1608 κτήτορσι
1787 1535 1940 1610 πρωτευόν-
1990 1547 1995 1556 ”

1191 1625 1251 1658 των
1273 1605 1398 1678 γινέσθω
1421 1601 1437 1672 ἡ
1461 1607 1507 1660 imi
1526 1601 1601 1674 αὐτῷ
1620 1601 1749 1690 προβολὴ,
1772 1601 1804 1658 cit
1821 1603 1940 1662 κατὰτὸ

1193 1671 1290 1728 δοκοῦν
1303 1677 1359 1728 τοῖς
1375 1673 1611 1746 προβαλλομένοις,
1631 1671 1694 1726 ουδέ
1708 1669 1753 1744 ἐφ’
1772 1673 1811 1726 οίς
1827 1669 1862 1726 ἀν
1878 1681 1940 1746 βου-

1193 1741 1344 1808 ληθείησαν
1370 1739 1535 1814 προσώποις,
1559 1739 1626 1796 ἀλλὰ
1643 1739 1739 1810 μόνων
1754 1743 1814 1796 τιῦν
1832 1745 1878 1796 ἐπὶ
1895 1745 1941 1812 τῆς

1192 1811 1281 1884 χώρας
1299 1813 1401 1874 ἐκείνης
1418 1811 1566 1874 ταξεωτών
1583 1813 1643 1862 τῶν
1658 1815 1881 1880 στρατευομένων
1895 1817 1941 1868 καὶ

1193 1881 1252 1932 τών
1269 1871 1454 1946 ἀποθεμένων
1470 1877 1521 1946 τὴν
1538 1877 1623 1944 τάξιν,
1647 1875 1692 1930 διὰ
1714 1879 1773 1932 τών
1791 1881 1941 1952 εἰρημένων

1193 1943 1353 2020 προσώπων
1375 1947 1443 2020 πρὸς
1464 1945 1516 2014 τὴν
1536 1951 1684 2002 σιτωνείαν
1701 1945 1941 2020 προβαλλομένων,

1194 2009 1288 2080 ἐπειδὴ
1304 2011 1492 2090 εὐχερέστερον
1510 2003 1584 2070 οῦτοι
1599 2019 1659 2070 ταῖς
1682 2011 1821 2084 δημοσίαις
1842 2023 1942 2090 χρείαις

1195 2087 1299 2156 έντετρι
1319 2087 1397 2154 μένοι
1419 2087 1449 2138 ἐκ
1471 2087 1584 2158 μακρῶν
1607 2081 1715 2158 χρόνων
1737 2081 1769 2136 τὸ
1793 2087 1839 2152 της
1861 2103 1941 2142 cerm·

1193 2159 1266 2206 νείας
1288 2105 1429 2208 δόανόουσι
1451 2147 1542 2228 βάρος.
1577 2153 1669 2220 Πάσης
1693 2149 1722 2206 δέ
1744 2153 1838 2222 ζημίας
1855 2149 1941 2210 ἀπαλ-

1195 2219 1397 2276 λαττέσθωσαν
1413 2221 1440 2276 οἰ
1457 2225 1635 2276 σιτωνοῦντες
1649 2225 1695 2274 καί
1711 2217 1875 2294 πληροῦντες
1891 2223 1941 2290 τὴν

1196 2291 1338 2362 εἰρημένην
1355 2297 1449 2362 χρείαν
1465 2289 1534 2344 κατὰ
1550 2289 1582 2344 τὸ
1601 2287 1707 2344 δίκαιον
1724 2285 1941 2360 λογοθετείσθω·

1196 2373 1260 2410 σαν·
1283 2355 1314 2412 οῦ
1335 2357 1388 2428 γὰρ
1411 2357 1515 2412 δίκαιον
1537 2355 1633 2412 αὐτοὺς
1656 2355 1718 2412 ἀντί
1740 2357 1882 2412 τοσοῦτων
1899 2361 1940 2416 ul·

1149 2431 1151 2434 ’
1196 2445 1262 2508 πων
1271 2431 1317 2480 καί
1333 2429 1508 2512 ζημιοῦσθαι.
1533 2429 1734 2510 χορηγείτωσαν
1751 2421 1782 2478 δέ
1799 2425 1849 2480 τόν
1864 2433 1941 2482 σῖτον

332 2495 411 2558 νέτω,
432 2513 480 2546 του
497 2497 605 2564 χρυσίου
623 2511 756 2568 προτερον
774 2493 843 2546 κατά
860 2491 894 2548 τά
911 2489 956 2548 ἐπ’
982 2511 1079 2568 αγορας

322 2565 363 2616 ἐν
385 2563 495 2616 ἐκείνοις
515 2563 571 2614 τοῖς
593 2555 688 2618 τόποις
710 2559 783 2616 ώνια
803 2567 985 2636 παρεχομένου
1002 2561 1078 2616 ἀδια·

335 2627 399 2702 στρό
423 2633 519 2684 menni
537 2625 664 2698 ἀζημίως,
681 2627 750 2700 μετοὶ
767 2633 816 2684 τοῦ
833 2637 879 2684 καί
896 2629 932 2684 τὰ
947 2629 1035 2686 ναῦλα
1049 2633 1079 2684 ἐκ

240 2729 241 2732 “
336 2701 384 2754 τοῦ
401 2651 530 2768 δημοσίου
548 2699 727 2772 παρέχεσθαι,
746 2693 817 2752 ώστε
834 2699 884 2754 τόν
902 2699 1080 2768 συντελεστὴν
1199 2697 1275 2752 λέτω.

336 2763 499 2844 πιπράσκειν
506 2763 592 2838 μόνον
606 2767 637 2822 τό
653 2765 864 2838 ἐπιζητούμενον
873 2765 942 2822 εἶδος
953 2773 998 2822 καὶ
1013 2767 1079 2836 πλη·
1165 2769 1184 2828 4
1202 2769 1212 2800 ⁴
1219 2805 1482 2822 ...........
1494 2759 1602 2822 Ἦλθεν
1619 2807 1728 2822 .....

272 2845 303 2894 14
321 2839 357 2906 (6)
376 2837 504 2912 ρωθῆναι
521 2839 576 2890 τοῖς
594 2833 729 2908 δεομένοις
746 2835 797 2906 τὴν
812 2843 914 2910 χρείαν.
937 2835 1032 2906 Μηδέν
1050 2837 1081 2892 δέ
1199 2841 1320 2912 Προνοίᾳ
1337 2835 1487 2894 ἐπισκόπου
1504 2835 1615 2892 οἱκατὰ
1631 2833 1726 2910 χώραν
1742 2837 1878 2900 ταξειῦται
1891 2837 1941 2906 τὴν

337 2909 366 2960 tu
387 2899 488 2972 ταῦτης
509 2905 556 2972 τῆς
578 2901 726 2970 διατάξεως
741 2905 910 2972 καινιζέσθω
930 2905 966 2960 τὰ
983 2909 1028 2962 ἐπὶ
1046 2909 1080 2974 τῆ

338 2975 446 3046 συνωνῇ
464 2973 510 3038 τῆς
524 2969 723 3050 Ἀλεξανδρέων
740 2969 944 3048 μεγαλοπόλεως
959 2963 1080 3030 brunerd-

338 3043 462 3112 πωμένα,
478 3035 546 3094 ἀλλά
562 3049 696 3116 κρατείτω
713 3047 759 3096 καί
776 3037 791 3098 o‘
808 3041 883 3098 θεῖος
897 3039 1008 3098 τόποςό
1025 3041 1081 3098 δια·

339 3107 468 3166 τυπώσας
490 3107 524 3164 τὰ
547 3113 689 3182 περὶτῶν
711 3109 880 3168 ἐπεισάκτων
902 3115 1083 3184 στρατιωτῶν

1196 2513 1266 2548 κατα
1286 2495 1321 2548 τὰ
1344 2513 1380 2550 επ
1409 2497 1506 2570 αγορᾶς
1524 2515 1594 2550 ωνια
1616 2501 1661 2548 καὶ
1679 2491 1763 2564 μηδέν
1781 2499 1941 2570 περαιτέρω.

1147 2567 1161 2618 2
1197 2557 1224 2616 Ὁ
1250 2559 1281 2614 δέ
1306 2569 1490 2636 παραβαίνων
1514 2561 1532 2632 ἦ
1561 2563 1763 2638 παραβαθῆναι
1793 2567 1942 2636 συγχωροῦν
1996 2595 1997 2600 =

1196 2629 1246 2684 τόν
1263 2627 1349 2702 νόμον
1367 2629 1392 2686 λ’
1418 2639 1526 2708 χρυσίον
1544 2631 1635 2706 λίτρας
1652 2633 1942 2768 ἐπιτίμρρνχραιταρρέ]

1199 2911 1331 2960 σιτωνίαν
1347 2911 1531 2978 μετέρχονται.

1312 3245 1563 3252 -ι--Π-αε-η-...η-
1728 3245 1763 3252 ..ι-
1766 3245 1933 3254 -----ι.-ι..

275 3319 306 3382 (t)
324 3329 432 3400 espeptep
438 3319 495 3384 fere
508 3311 609 3378 μᾶλλον
622 3317 659 3370 εἰς
672 3313 704 3368 τό
719 3311 926 3388 ἀποτρέφεσθαι
939 3315 974 3368 τὰ
989 3333 1083 3440 angar.
1133 3315 1226 3398 χώραν
1243 3313 1344 3378 τάξεως
1359 3311 1374 3368 ό
1388 3311 1504 3382 σιτώνης
1517 3317 1722 3398 προχειρίζεται,
1739 3311 1821 3404 ipone
1838 3313 1944 3386 μέλλων

275 3383 353 3456 τάχμ.
375 3401 477 3456 αναγκη
500 3385 558 3436 ἐστι
580 3381 706 3452 συνωνὴν
729 3389 833 3452 συνεχές
855 3381 927 3440 πάνυ
946 3389 1022 3458 γίνεσ
1048 3405 1085 3440 αι.
1134 3389 1164 3438 ἐν
1189 3401 1223 3458 τη
1250 3383 1325 3446 τάξει
1350 3381 1551 3458 καταλέγεσθαι
1575 3405 1593 3452 η
1616 3383 1730 3456 πληρῶν
1751 3407 1768 3452 η
1793 3381 1944 3458 πληρώσας,

277 3455 429 3520 (Mommsen)
513 3455 548 3518 (2)
568 3477 603 3500 =
621 3457 643 3522 1,
662 3467 682 3520 t,
700 3465 724 3508 tr
747 3457 927 3522 inscriptionem
945 3473 974 3506 eo·
995 3473 1016 3506 o.
1034 3465 1045 3508 1
1063 3467 1086 3508 et
1135 3455 1264 3508 secundum
1286 3455 1415 3506 Porntitio
1439 3467 1473 3508 est
1495 3455 1602 3506 secundo
1625 3455 1648 3506 ίι.
1671 3465 1687 3506 t.
1709 3457 1857 3508 constitutio:
1883 3457 1945 3510 unde

279 3527 330 3590 ίερε
354 3525 452 3590 pennino
477 3523 629 3574 restituimus.
669 3527 744 3576 uerbo
770 3521 939 3592 θεσπίζομιν
965 3515 1086 3588 σιτώνην
1143 3525 1213 3578 Witte
1237 3525 1344 3578 ordinem
1364 3543 1383 3576 c.
1402 3535 1415 3578 n
1434 3533 1485 3578 ets
1508 3525 1671 3578 invertendum
1691 3543 1743 3576 esse
1760 3525 1860 3590 conicit,
1883 3535 1946 3578 recte

280 3593 380 3644 tradunt
396 3591 522 3644 Porotitio
541 3593 575 3642 ad
596 3591 675 3644 Const.
695 3593 718 3654 l,
735 3601 748 3644 3
767 3593 851 3646 addito
869 3595 914 3644 boc
929 3593 1025 3644 indice:
1043 3587 1086 3644 δο·
1130 3595 1257 3660 sortasse:
1273 3611 1317 3644 nos
1334 3593 1411 3646 secuti
1427 3611 1506 3644 sumus
1524 3593 1551 3644 B
1594 3593 1812 3658 (s}=Rss‚s‚s
1856 3595 1946 3660 (ntum

279 3659 392 3728 κιμασίᾳ
417 3659 465 3710 τοῦ
491 3653 704 3728 θεοφιλεστάτου
729 3659 776 3726 τῆς
806 3657 909 3714 πόλεως
938 3653 1087 3714 ἐπισκόπου
1137 3663 1195 3714 tium
1211 3681 1233 3716 o.
1252 3671 1265 3714 t
1282 3671 1307 3716 et
1323 3663 1425 3714 indicem
1443 3665 1542 3716 trudunt
1559 3661 1686 3716 Purctitia
1705 3665 1740 3714 ad
1759 3665 1838 3716 Consi.

280 3729 324 3778 καί
344 3725 403 3780 τών
427 3727 456 3778 έν
472 3729 527 3778 τοῖς
548 3721 674 3800 κτήτορσι
690 3725 892 3800 πρωτευόντων
908 3729 937 3780 ἐκ
954 3729 1000 3794 τῆς
1017 3725 1085 3780 κατά

283 3965 461 4022 barbarorum
485 3965 611 4022 incursas
632 3965 792 4022 colonorum
813 3983 942 4022 numerus
969 3965 1089 4022 deminu-
1142 3971 1172 4022 ts
1205 3983 1279 4022 nona
1306 3965 1533 4022 subministretur.
1573 3965 1686 4022 Minime
1716 3973 1805 4022 autem
1834 3985 1871 4024 en
1896 3967 1948 4024 bno

284 4039 327 4088 tus
347 4039 387 4090 est
408 4049 457 4088 nec
479 4035 628 4106 specierum
650 4035 762 4092 collatio
787 4035 915 4092 militibus
935 4033 973 4090 ibi
989 4035 1089 4092 consti-
1139 4037 1300 4092 samburne
1325 4035 1488 4092 innoventur
1514 4051 1546 4092 eu
1571 4053 1642 4108 quae
1667 4035 1701 4092 de
1727 4051 1800 4092 eoem
1822 4037 1894 4094 tione
1918 4037 1947 4092 in

285 4103 350 4158 tutis
374 4101 481 4174 sufficit
502 4107 530 4160 et
546 4119 619 4176 prae
642 4103 766 4160 omnibus
788 4103 825 4160 ad
846 4103 960 4160 alendos
975 4103 1090 4160 militnm
1139 4121 1183 4160 ma
1202 4121 1239 4160 ua
1256 4103 1507 4160 Alexandrinorum
1523 4103 1590 4160 urbe
1622 4103 1737 4160 acientla
1751 4053 1947 4176 ιίηῦιίίαευκε,

285 4169 404 4242 ltpicnts
420 4187 486 4252 sane
499 4175 632 4250 perpetuo
650 4187 758 4230 necesse
776 4177 815 4228 cst
832 4173 1026 4298 coemptionem
1043 4173 1090 4244 fa·
1139 4189 1167 4228 se
1216 4171 1338 4228 obtineat
1367 4173 1448 4228 etium
1479 4189 1560 4228 sacra
1607 4189 1685 4252 prrna
1732 4189 1784 4228 uae
1811 4189 1948 4230 annonam

287 4255 353 4304 cere,
376 4255 505 4310 quoniam
527 4255 541 4294 s
562 4255 677 4298 emeram
699 4241 810 4298 collatio
827 4241 905 4296 milen
923 4257 957 4296 us
971 4241 1009 4298 ibi
1026 4257 1090 4296 oon·
1143 4247 1173 4296 15
1206 4241 1320 4298 militum
1337 4247 1512 4298 evocatorum
1529 4241 1657 4312 definivit.
1718 4257 1802 4298 oenoe
1819 4241 1948 4298 antemi

287 4307 387 4364 stitutis
403 4323 459 4364 non
475 4255 593 4380 suflicit:
613 4309 642 4364 in
665 4309 715 4364 illa
736 4309 822 4382 ipitnr
843 4309 961 4366 diaecesi
982 4315 1092 4366 maneat
1140 4313 1203 4366 auri
1229 4309 1361 4364 librarum
1385 4309 1544 4364 subiaceant
1574 4315 1601 4366 et
1625 4309 1729 4382 cinpuli
1754 4309 1948 4392 clipnitatisque

287 4391 357 4448 quae
373 4375 510 4448 bucusque
528 4375 643 4434 obtinuit
660 4379 841 4444 consuetudo,
863 4379 909 4434 cui
925 4385 953 4434 et
968 4379 1090 4450 nepotia-
1139 4379 1290 4450 periculum
1298 4385 1444 4452 expectent
1454 4385 1508 4434 tam
1521 4395 1653 4434 summum
1667 4379 1789 4450 officium
1802 4377 1949 4436 illustrium

288 4451 360 4500 tores
376 4445 489 4502 subiecti
503 4451 581 4510 sunt,
606 4457 637 4502 ut
658 4453 745 4502 tamen
764 4445 846 4520 prius
866 4451 895 4502 et
914 4445 1092 4502 collatoribus
1136 4447 1344 4520 praefectorum
1371 4463 1453 4518 quarn
1477 4445 1638 4518 defensores
1662 4447 1692 4502 in
1715 4447 1783 4502 locis
1801 4449 1950 4526 ,constituti

287 4519 314 4568 ct
329 4511 545 4586 nepotiatcribus
562 4529 659 4568 aarum
674 4531 732 4586 pro
757 4515 924 4594 coemptione
947 4515 975 4568 in
992 4515 1092 4586 probis
1141 4521 1168 4570 et
1191 4515 1262 4570 uliae
1279 4515 1410 4586 publicae
1422 4529 1569 4586 personae,
1592 4531 1663 4586 qnae
1680 4515 1764 4586 lepem
1781 4515 1885 4574 υιοίαιιί
1900 4521 1950 4572 out
2000 4585 2001 4590 η

284 4581 361 4704 pulis
377 4583 493 4638 nummis
508 4581 630 4638 soluatur
653 4589 680 4640 ct
701 4583 741 4642 sic
764 4583 798 4638 ub
815 4599 855 4640 eus
870 4583 1020 4656 spumosum
1036 4583 1092 4640 cci·
1141 4583 1240 4638 uiolari
1276 4583 1417 4640 ermittunt
1433 4589 1554 4640 autnon
1570 4583 1662 4640 statim
1678 4589 1706 4638 et
1721 4583 1866 4638 secuudum
1879 4583 1947 4642 ceri-

299 4649 356 4706 utio
378 4649 437 4708 sine
456 4651 647 4724 refrepatione
667 4655 695 4708 et
710 4651 769 4708 sine
785 4651 885 4708 damno
902 4651 1047 4724 culpatur:
1068 4653 1093 4708 is
1142 4657 1223 4706 tutem
1259 4651 1401 4708 enuntiant
1418 4667 1466 4706 eos
1482 4651 1530 4724 qni
1545 4667 1605 4706 eom
1622 4651 1758 4708 violarint.

290 4723 378 4774 autem
421 4721 449 4778 ui
472 4719 537 4776 baec
560 4719 702 4778 uiolauerit
721 4721 806 4776 isdem
827 4721 924 4792 poenis
945 4719 1091 4776 subiaceat.
1176 4717 1289 4778 sturm
1307 4721 1338 4776 Α.
1373 4719 1405 4776 Si
1428 4719 1537 4790 quando
1559 4721 1590 4774 in
1610 4719 1677 4776 urbe
1698 4719 1792 4790 aliqua
1809 4735 1879 4790 opus
1895 4721 1949 4778 erit

295 4791 321 4842 n
356 4737 456 4868 δίελίιιε
472 4787 542 4844 enim
557 4793 599 4844 est
611 4803 669 4868 pro
703 4787 795 4868 munta
812 4789 995 4870 negotiatione
1012 4789 1092 4870 etiarn
1140 4787 1245 4868 st'tolna,¹
1259 4787 1395 4844 arbitrata
1412 4795 1440 4844 et
1455 4787 1584 4868 electione
1600 4789 1723 4860 episcopi
1738 4789 1896 4844 uniuscuius
1913 4805 1948 4844 ue

292 4805 799 4994 urrunnun
820 4855 1093 4982 minutiam
1142 4861 1769 4982 τραυματίαις
1785 4807 1948 4914 ί

293 5007 377 5064 neque
400 4967 566 5050 annonarios
587 4943 736 5066 facilitates
758 4943 858 5050 Ιιοόδκί
878 5011 963 5066 neque
985 4943 1042 5050 αίίλ
1063 4997 1092 5050 iu
1142 5009 1230 5066 neque
1246 5009 1316 5066 qnos
1333 4943 1416 5050 δαίδας
1427 4967 1571 5066 ptisanas,
1589 4995 1638 5048 sed
1650 4999 1682 5048 ut
1694 4943 1799 5048 tutaturi
1813 4969 1947 5066 officiale}

293 5079 324 5118 re
347 5057 493 5132 locupletes
517 5069 582 5120 sunt
607 5063 799 5134 coemptionem
824 5063 888 5132 {ieri
914 5079 1020 5120 necesse
1044 5069 1092 5130 est,
1143 5063 1202 5118 eius
1223 5061 1277 5118 loci
1298 5063 1347 5132 qai
1368 5063 1486 5118 militant
1505 5069 1554 5118 aut
1574 5061 1671 5140 militie
1694 5061 1880 5118 abscesserunt
1892 5079 1947 5136 per

295 5129 374 5186 liccat
392 5129 567 5200 praesidibus
593 5147 651 5186 eam
674 5133 783 5204 faune,
808 5129 857 5186 sed
880 5131 909 5186 in
932 5131 991 5186 solo
1016 5133 1092 5186 terri-
1142 5147 1228 5202 snpra
1251 5129 1339 5188 dictas
1381 5145 1494 5186 errones
1516 5129 1553 5184 οιί
1574 5127 1702 5184 sitantum
1721 5139 1944 5202 promoreantur,

296 5197 367 5254 toric
389 5195 465 5252 urbis
485 5213 555 5270 quae
576 5215 686 5256 annone
708 5203 783 5254 caret
804 5203 832 5254 et
851 5199 926 5254 intro
944 5199 1015 5270 fines
1036 5201 1094 5256 eius
1142 5199 1272 5270 qnoniam
1284 5199 1399 5270 facium
1413 5195 1441 5252 bi
1454 5197 1501 5268 qui
1514 5197 1542 5252 in
1551 5195 1671 5270 publicis
1683 5199 1800 5270 nepotiis
1811 5213 1848 5254 erc
1862 5197 1945 5270 ίοκρο

296 5273 323 5324 et
351 5265 496 5324 secundum
521 5267 615 5340 pretia
645 5285 715 5342 auae
743 5283 797 5340 pro
824 5273 943 5340 tempore
967 5267 1024 5324 illic
1049 5267 1093 5324 cb·
1145 5273 1157 5322 t
1187 5267 1420 5340 temporccersati
1432 5267 1716 5326 suntonerositoniac
1725 5267 1887 5338 funpuntur.
1904 5267 1944 5324 Ab

298 5333 423 5392 tinebant.
458 5333 508 5390 boc
533 5337 670 5394 observent
691 5337 773 5394 etiem
789 5341 887 5408 potres
909 5337 1047 5392 civitatum
1069 5343 1096 5392 et
1144 5335 1217 5392 omni
1241 5341 1329 5390 autem
1354 5335 1452 5392 domno
1475 5333 1553 5390 liberi
1574 5335 1630 5390 sint
1650 5335 1698 5406 qui
1714 5333 1846 5402 {sitoniam
1867 5353 1944 5394 emer·

300 5411 329 5460 13
362 5405 414 5460 reli
432 5403 461 5460 ui
484 5417 573 5458 omnes
596 5405 642 5474 qui
662 5405 825 5478 coemptioni
864 5405 995 5462 rendunt.
1031 5405 1094 5462 Cum
1144 5409 1204 5460 cont
1226 5407 1254 5460 ct
1273 5403 1347 5460 dicta
1367 5403 1525 5460 necessitate
1547 5403 1659 5476 impletu
1682 5419 1719 5460 ea
1744 5419 1831 5474 ecquo
1856 5403 1944 5462 dison

298 5489 361 5530 utro
378 5423 518 5546 publicam
540 5475 729 5544 coemptionem
752 5473 813 5528 ideo
834 5421 896 5544 ἀλαί
917 5489 1023 5528 necesse
1045 5479 1093 5540 est,
1145 5473 1263 5552 llantur:
1286 5489 1373 5552 neque
1394 5471 1464 5528 enim
1485 5471 1584 5552 iustum
1604 5477 1646 5528 est
1666 5489 1714 5528 eos
1727 5487 1785 5542 pro
1803 5471 1887 5528 tontis
1902 5473 1943 5528 l-

299 5541 363 5612 ηυία
387 5543 418 5596 in
442 5541 519 5612 τιμία
543 5537 608 5594 urbe
632 5559 742 5598 annona
767 5541 872 5612 deficit,
897 5543 924 5596 in
950 5541 1002 5598 bac
1027 5557 1094 5612 qua·
1145 5539 1254 5594 bombus
1269 5547 1351 5598 enum
1368 5539 1467 5594 damno
1489 5539 1584 5612 afficto.
1617 5543 1784 5612 frumentum
1799 5543 1943 5598 secundum

301 5609 421 5680 quenisi
437 5627 474 5666 en
490 5623 570 5666 sacra
586 5607 703 5668 iussione
724 5609 943 5680 nonpossint,
965 5615 998 5666 ut
1013 5611 1095 5682 prius
1140 5607 1233 5688 pretio
1259 5625 1328 5688 quae
1351 5609 1467 5688 infero
1490 5607 1611 5688 obtinent
1630 5611 1774 5686 praestent
1796 5625 1846 5664 nee
1869 5609 1943 5666 ultro

301 5693 396 5732 curum
419 5677 476 5732 sine
496 5693 573 5732 mora
593 5681 619 5730 et
641 5677 738 5734 damno
756 5677 900 5732 secundum
915 5679 1009 5750 pretia
1026 5693 1096 5748 quae
1145 5681 1160 5732 2
1194 5675 1304 5746 αίιηαιιί.
1340 5675 1391 5744 θυι
1415 5675 1499 5746 lenem
1520 5675 1605 5732 molat
1625 5675 1789 5732 autumnum
1799 5677 1942 5750 parnittit,

302 5743 330 5798 in
350 5745 416 5814 foro
434 5759 526 5798 eorum
548 5743 668 5798 locorum
690 5747 810 5802 obtinent
831 5745 963 5810 saluatur,
986 5753 1095 5802 uectura
1144 5741 1230 5800 XXX
1242 5745 1303 5798 ouri
1320 5743 1452 5800 librarum
1463 5759 1583 5816 poenam
1598 5743 1704 5800 solvito.

304 5827 410 5882 quoque
434 5831 449 5868 e
471 5813 579 5882 publico
601 5819 765 5884 praestetur,
794 5821 826 5870 ut
854 5813 970 5870 collator
999 5813 1097 5870 tendat
1179 5809 1287 5870 saura
1309 5813 1431 5884 episcopi
1454 5813 1590 5882 officiales
1610 5813 1669 5868 eius
1692 5811 1746 5868 lari
1761 5813 1861 5870 sitonia
1875 5815 1940 5886 fun·

306 5885 408 5934 tontum
429 5881 530 5950 species
551 5897 620 5950 quoe
642 5879 789 5948 eniprmtur
805 5887 832 5938 et
850 5881 1029 5952 indicentibus
1046 5899 1095 5936 un·
1144 5885 1251 5952 pontus.
