4258 6266
251 361 388 430 quorun
410 351 680 406 srrnnunrronus
1044 329 1109 402 321
1704 339 1764 406 VH
1786 343 1836 406 64,
1859 343 1898 404 aa

249 527 438 604 provocatione
463 519 631 586 nunciassit,
663 521 846 576 interdicimus
874 519 953 598 'alteri
978 519 1049 586 parti
1133 521 1170 578 49
1190 523 1405 580 1’*1999ΑΑΑ.
1430 525 1467 580 aa
1485 525 1627 582 Claudium·
1646 545 1695 600 pn.
1736 525 1763 580 Si
1788 523 1899 580 clericus

250 595 397 670 quaesiuit
413 607 462 658 pro
479 589 530 642 hoc
550 591 745 656 tantummodo,
770 591 841 660 quod
863 589 929 644 nibil
953 601 1048 654 capere
1097 593 1182 646 *aute
1204 595 1362 650 definitivam
1385 597 1542 652 9999999199
1560 595 1746 652 frustratoriae
1764 595 1899 648 dilationis

248 683 297 738 pro
316 661 462 730 sumptibus
480 655 534 710 litis
558 661 601 710 ct¹
625 657 788 714 detrimentis
806 659 846 712 rel
863 657 950 710 minus
968 671 1047 724 quam
1096 657 1202 716 *causa
1218 663 1253 718 ad
1271 665 1456 734 appellationis
1475 667 1602 720 auxilium
1620 661 1809 726 convolaverit,
1831 663 1898 714 rnul-

249 733 405 802 0portuerat
430 727 502 802 19999
529 731 582 802 est,
611 727 825 796 provocationem
851 725 960 790 offerre,
989 739 1047 776 oum
1096 727 1170 782 *tam
1197 733 1387 800 quinquaginta
1409 733 1536 788 librarum
1560 735 1675 802 argenti,
1703 747 1781 802 quam
1805 733 1899 784 contra

248 799 348 872 ipsam²
371 793 530 848 decisionem
552 793 606 846 latis
628 801 701 848 recte
724 795 822 850 factam
846 809 903 848 9999
921 791 1047 846 confitea-
1096 793 1268 856 *huiusmodi
1291 799 1469 868 appellatores
1494 805 1596 856 sanctio
1622 803 1752 870 generalis
1778 799 1897 868 imponit,

248 881 304 924 tur:
326 861 458 918 iudicibus
481 861 583 916 scilicet
605 865 659 916 sive
680 863 874 916 florentissimis
891 859 1047 930 proceribus
1095 863 1229 934 *cogatur
1252 865 1409 936 expendere.
1451 869 1502 922 hac
1526 873 1614 922 autern
1640 887 1694 924 non
1716 869 1781 922 fisco
1805 873 1896 922 nostro

248 935 316 994 sacri
338 929 423 984 nostri
446 929 538 998 palatii
560 929 615 984 sive
638 931 693 994 his,
719 931 813 998 quibus
831 949 879 1000 pro
897 927 1047 984 91991911-
1095 931 1236 990 *rolnmus
1263 935 1404 1000 accedere,
1436 937 1483 988 sed
1508 937 1670 1004 pauperibus
1697 937 1811 992 fideliter
1838 951 1897 990 cro·

247 1007 312 1060 tium
329 997 510 1054 aestimatione
529 997 735 1052 consultationes
754 997 921 1066 delegantur,
946 997 969 1050 si
985 1009 1045 1064 per·
1095 1001 1182 1066 *gari
1217 1003 1250 1058 11.
1275 1015 1331 1056 rm
1346 1001 1381 1054 id.
1401 999 1452 1056 Iul.
1473 1001 1663 1058 Valentiniana
1682 1023 1727 1076 np.
1746 1013 1773 1060 et
1790 1003 1898 1058 Victore

247 1069 381 1142 spexerint
398 1063 575 1120 adiuvandum
599 1081 656 1120 9999
674 1065 798 1120 victorem
816 1073 969 1136 sumptuum
986 1079 1045 1132 per·
1095 1067 1220 1126 *carisa*
1784 1077 1818 1138 [9.
1838 1077 1896 1136 369]

248 1137 379 1206 ceptione,
404 1133 483 1186 etiam
505 1135 561 1186 sine
578 1135 767 1198 provocatione
784 1135 840 1188 eius
858 1137 909 1190 hoc
928 1137 1046 1188 statuen-
1130 1135 1147 1192 5
1175 1137 1257 1210 ¹²,imp
1299 1181 1304 1192 ,
1335 1135 1432 1190 Valens
1460 1135 1608 1192 Gratianus
1634 1145 1661 1192 et
1693 1139 1898 1194 Valentinianus

247 1209 317 1262 tibus
344 1207 370 1254 ct
395 1201 491 1280 iustam
518 1201 661 1254 eorundem
690 1207 841 1280 sumptuum
873 1201 1046 1280 quantitatem
1096 1205 1175 1258 ΑΑΑ.
1194 1207 1230 1260 ad
1248 1155 1416 1260 1179199999
1427 1205 1620 1274 proconsulem
1635 1207 1755 1276 Africae
1792 1209 1833 1260 Ab
1853 1225 1896 1262 ex-

250 1283 260 1330 ]
296 1269 488 1324 delinientibus.
531 1267 583 1320 Sed
607 1285 656 1322 nec
679 1285 819 1324 occasione
845 1271 1046 1326 consultationis
1095 1273 1230 1328 secutione
1253 1271 1380 1342 appellari
1404 1287 1457 1324 non
1481 1287 1559 1340 posse
1583 1273 1649 1326 satis
1673 1279 1698 1326 et
1715 1273 1773 1328 iure
1790 1283 1817 1328 et
1835 1291 1896 1330 con*

245 1335 452 1398 iutroducendae
470 1337 564 1390 victori
580 1351 726 1402 provocare
744 1339 921 1404 concedimus,
943 1355 1002 1390 cum
1021 1343 1047 1390 et
1095 1339 1277 1396 stitutionibus
1297 1343 1403 1394 cautum
1421 1341 1500 1406 estu,
1523 1339 1574 1392 uisi
1591 1339 1661 1394 forte
1680 1349 1819 1396 exsecutor
1837 1357 1896 1396 sen-

245 1407 338 1480 priscis
356 1405 458 1472 legibus
476 1405 555 1458 liceat
573 1405 597 1456 ei
616 1409 642 1456 et
659 1405 716 1458 sine
733 1407 929 1474 provocationis
947 1405 1045 1460 auxilio
1097 1411 1106 1458 1
1144 1411 1243 1462 tentiae
1266 1409 1371 1462 modam
1394 1405 1563 1460 iudicationis
1587 1409 1708 1462 excedat.
1749 1411 1896 1476 aquosi

246 1475 353 1532 eandem
372 1471 594 1526 consultationem
613 1471 748 1528 differente
770 1491 818 1528 suo
837 1475 987 1528 adversario
1006 1473 1044 1526 in·
1094 1475 1175 1530 luerit
1198 1477 1372 1546 appellatum,
1400 1475 1568 1528 exsecutione
1591 1489 1722 1542 suspensa
1751 1477 1896 1528 decernen-

245 1543 384 1600 troducere
406 1545 433 1594 et
454 1555 501 1594 nos
524 1541 548 1594 ei
571 1539 651 1594 nihilo
677 1541 763 1596 minus
786 1543 838 1596 hoc
860 1541 1045 1612 permittimus,
1094 1543 1156 1598 dum
1173 1553 1304 1614 putamus,
1322 1545 1359 1606 ut,
1378 1541 1401 1594 si
1418 1557 1460 1594 res
1478 1543 1582 1596 mobilis
1601 1549 1653 1608 est,
1671 1543 1706 1596 ad
1724 1545 1896 1610 9999199911-

245 1609 366 1668 iniuriam
389 1623 422 1662 er
443 1623 609 1680 supervacua
632 1611 819 1676 provocatione
837 1611 969 1664 iudicibus
986 1609 1046 1662 fieri
1094 1613 1218 1666 tuendam
1244 1609 1406 1666 exsecutoris
1429 1625 1510 1678 opera
1533 1609 1614 1664 fuerit
1636 1611 1754 1676 indulta,
1778 1613 1896 1680 appella·

244 1679 423 1752 prohibentes.
473 1675 504 1730 t).
535 1691 592 1730 919
621 1675 657 1730 id.
689 1679 775 1750 April.
810 1677 1046 1748 Constantinopoli
1094 1679 1166 1734 tione
1190 1685 1314 1746 suscepta
1336 1677 1485 1744 possessori
1507 1693 1550 1732 res
1575 1679 1667 1732 eadem
1691 1677 1846 1732 detrahatur
1869 1687 1896 1734 ct

245 1747 326 1804 aeuo
344 1761 382 1800 ac.
402 1759 474 1798 cons.
934 1749 967 1810 [a.
987 1747 1044 1810 519]
1093 1747 1188 1802 idoneo
1212 1747 1356 1800 collocetur
1371 1745 1506 1798 reddenda
1523 1747 1547 1798 ei
1562 1747 1648 1816 parti,
1671 1761 1719 1814 pro
1743 1763 1796 1814 qua
1820 1763 1896 1802 sacer

1094 1819 1108 1866 1
1146 1817 1265 1882 cognitor
1280 1813 1444 1866 iudicaverit.
1481 1813 1556 1882 Quod
1580 1815 1603 1868 si
1620 1815 1652 1868 de
1670 1815 1838 1882 possessione
1855 1817 1896 1870 vel

1094 1883 1127 1936 de
1149 1883 1240 1936 fundis
1263 1881 1398 1936 exsecutio
1417 1897 1545 1936 concessa
1562 1883 1642 1936 9919Η
1662 1887 1689 1936 91
1706 1897 1765 1936 eam
1784 1897 1895 1952 suspen-

1094 1951 1162 2004 derit
1178 1951 1345 2020 provocatio,
1370 1947 1473 2002 fructus
1492 1965 1595 2014 ornnes,
1614 1951 1659 2018 qui
1676 1955 1795 2018 tempore
1812 1951 1895 2004 inter·

592 2019 693 2080 LXV,³
1092 2019 1197 2086 positae
1222 2017 1417 2086 provocationis
1445 2017 1515 2098 capti
1540 2019 1581 2072 991
1606 2023 1700 2086 postea
1724 2019 1782 2072 nati
1809 2023 1895 2084 crunt,

245 2117 382 2178 arcu
1142 2085 1895 2222 illesi

278 2217 291 2276 1
314 2215 381 2290 imp.
401 2219 597 2272 Antoninasd.
614 2217 723 2272 Sabine.
758 2219 834 2284 Eius,
853 2219 898 2290 qui
914 2235 963 2288 per
981 2237 1043 2272 con·
1094 2227 1198 2276 catores
1215 2223 1256 2278 vel
1279 2223 1314 2276 ab
1336 2221 1506 2276 exsecutione
1527 2223 1691 2290 appellantes
1709 2221 1751 2276 991
1773 2223 1808 2276 ab
1830 2224 1894 2276 arti·

244 2287 384 2344 tumaciam
401 2287 512 2350 absens,
536 2303 595 2340 curn
613 2287 647 2340 ad
664 2287 792 2354 agendam
811 2305 918 2342 causam
935 2293 1044 2342 vocatus
1094 2291 1165 2352 culo,
1191 2293 1213 2344 si
1237 2307 1281 2344 eos
1305 2305 1444 2360 perperam
1468 2291 1641 2344 intentionem
1664 2289 1807 2356 cognitoris
1835 2305 1893 2344 sus-

244 2361 318 2422 csset,
338 2353 528 2408 condemnatus
546 2360 587 2410 est
604 2355 708 2422 negotio
727 2355 802 2424 prius
818 2357 968 2410 summatim
983 2371 1042 2424 per·
1092 2359 1215 2428 pendisse
1243 2359 1380 2422 claruerit,
1412 2357 1528 2426 quinqua
1547 2359 1552 2372 '
1573 2363 1602 2412 ta
1633 2359 1761 2412 librarum
1792 2359 1894 2426 argenti

243 2427 369 2488 scrutato,
387 2423 531 2490 appellatio
551 2423 632 2490 recipi
645 2439 699 2476 nou
713 2427 810 2492 potest.
839 2425 894 2478 ΡΡ.
911 2441 973 2478 non.
990 2421 1041 2476 Inl.
1092 2427 1319 2482 animadversione
1337 2425 1495 2480 multandos.
1529 2375 1562 2480 b.
1577 2441 1618 2480 rrr
1633 2425 1658 2480 lc.
1678 2425 1754 2482 Febr.
1775 2425 1893 2480 Treuiris

242 2491 378 2548 tritoniae
396 2493 427 2542 Α.
447 2505 501 2544 rm
517 2497 545 2546 et
560 2489 678 2546 Balbino
698 2509 783 2546 conss.
930 2497 963 2556 [a.
983 2495 1041 2554 213]
1098 2493 1209 2552 Valente
1231 2509 1261 2550 91
1277 2503 1304 2550 et
1326 2493 1515 2548 Valentiniano
1534 2507 1562 2548 11
1577 2497 1632 2548 ΑΛ.
1650 2509 1736 2548 censs.
1780 2499 1812 2558 [a.
1833 2499 1891 2558 313]

275 2555 391 2628 211199.
413 2557 585 2612 Constantius
602 2561 646 2612 A.⁵
670 2559 707 2612 ad
726 2559 903 2614 Hierocleml.
946 2559 1042 2614 Obser·
1126 2559 1293 2634 6¹⁵Imppp.
1319 2559 1468 2616 Gratianus
1495 2561 1700 2616 Valentinianus
1722 2567 1749 2616 et
1773 2561 1890 2616 Tbeedo·

241 2641 303 2680 vare
320 2627 438 2692 curabit,
456 2641 490 2680 ne
509 2627 567 2694 quis
585 2627 776 2682 homicidarum
794 2629 971 2682 veneficorum
987 2643 1041 2680 rna·
1091 2631 1147 2684 sias
1164 2633 1244 2686 ΑΑΑ,
1263 2631 1299 2686 ad
1316 2629 1467 2702 Hypatium
1484 2631 1561 2700 pa.ll
1595 2629 1729 2698 Quisquis,
1748 2645 1782 2684 99
1799 2629 1893 2684 99199-

239 2695 378 2750 leficorum
403 2695 582 2748 adulterorum
609 2695 723 2764 itemque
749 2713 854 2760 eorum,
887 2697 932 2764 qui
958 2697 1041 2748 mani·
1091 2703 1133 2752 tas
1152 2699 1220 2752 diem
1238 2699 1324 2752 functi
1341 2701 1499 2752 testamento
1517 2699 1617 2766 scripta
1634 2705 1779 2760 reseretur,
1802 2699 1842 2752 vel
1859 2715 1893 2752 ne

241 2763 336 2816 festam
350 2761 499 2816 violentiam
515 2763 708 2830 commiserunt,
725 2765 886 2830 argumentis
898 2763 1041 2830 convictus,
1091 2767 1132 2830 hi,
1157 2785 1223 2836 quos
1249 2767 1362 2836 scriptos
1379 2767 1495 2834 patuerit
1512 2767 1635 2830 heredes,
1652 2767 1680 2820 in
1697 2767 1892 2834 possessionem

241 2831 351 2884 testibus
370 2837 520 2898 superatus,
539 2845 603 2884 voce
621 2831 700 2884 etiam
714 2833 822 2900 propria
834 2833 927 2886 vitium
941 2833 1041 2884 scelus·
1090 2835 1267 2900 mittantur¹⁷,
1292 2851 1373 2888 ausus
1397 2833 1478 2886 fuerit
1495 2847 1639 2902 provocare
1656 2833 1893 2902 interpositamque

243 2905 254 2950 1
296 2913 346 2966 que
370 2899 507 2970 coniessus
531 2897 655 2952 audiatur
681 2901 826 2968 appellans.
872 2899 948 2954 Sicut
973 2901 1040 2952 euim
1091 2903 1293 2970 appellationem
1315 2903 1337 2956 is
1361 2901 1437 2956 cuias
1460 2901 1492 2954 de
1510 2917 1540 2956 ea
1556 2917 1586 2954 re
1603 2905 1675 2956 notio
1694 2903 1745 2956 erit
1762 2901 1891 2968 recipien-

240 2967 306 3020 haec
331 2965 386 3018 ita⁷
415 2967 549 3020 observari
576 2965 768 3034 disposuimus,
794 2969 833 3022 ita
860 2983 973 3034 aequum
1001 2971 1042 3020 est
1091 2971 1150 3022 dam
1169 2985 1227 3022 esse
1244 2969 1392 3034 crediderit,
1410 2969 1501 3036 viginti
1515 2969 1642 3022 librarum
1660 2971 1791 3036 argentili
1808 2971 1892 3022 multa

239 3033 351 3088 testibus
368 3035 518 3102 productis,
541 3035 723 3088 instrumentis
741 3037 853 3102 prolatis
871 3037 981 3102 aliisque
998 3049 1040 3088 ar·
1089 3043 1116 3092 et
1137 3037 1311 3104 litigatorem,
1337 3037 1381 3106 qui
1403 3041 1458 3088 tam
1481 3037 1629 3104 importune
1655 3055 1689 3106 ap
1709 3037 1841 3100 ellaverit,
1865 3043 1892 3090 et

239 3103 369 3170 gumentis
386 3103 534 3172 praestitis,
553 3101 576 3156 si
594 3103 726 3156 sententia
744 3111 837 3156 contra
855 3119 915 3156 eum
932 3103 987 3156 lata
1005 3103 1041 3156 sit
1088 3105 1209 3172 iudicem,
1234 3107 1278 3172 qui
1295 3111 1350 3160 tam
1367 3107 1460 3172 ignaue
1478 3103 1653 3160 coniventiam
1670 3055 1832 3168 adbibuerit,
1850 3105 1890 3156 in-

240 3169 350 3236 etipse,
375 3169 420 3238 qui
439 3171 628 3224 condemnatus
652 3173 693 3222 est
715 3175 762 3224 aut
785 3171 891 3224 minime
907 3185 972 3224 voce
991 3187 1039 3224 sua
1089 3175 1184 3226 991999.
1219 3171 1252 3226 D.
1271 3189 1332 3228 non.
1352 3171 1439 3244 April.
1460 3171 1576 3226 Triocris
1592 3173 1713 3228 Anscrtio
1734 3177 1762 3226 et
1780 3171 1890 3242 Olpbric

240 3239 376 3292 contessus
395 3239 431 3292 sit
447 3243 495 3292 aut
509 3237 650 3292 formidine
664 3241 855 3292 tormentorum
870 3241 960 3292 tentus
977 3253 1038 3292 oon·
1089 3257 1174 3294 conss.
1777 3245 1810 3304 [9.
1830 3245 1888 3303 319]

238 3313 279 3360 tra
297 3321 325 3358 se
347 3305 446 3374 aliquid
468 3307 576 3372 dixerit,
600 3307 762 3374 provocandi
784 3307 918 3362 licentiam
940 3305 963 3358 ei
986 3323 1039 3360 nou
1124 3307 1140 3364 7
1163 3307 1575 3362 9199199999999.
1598 3307 1635 3362 ad
1651 3307 1792 3376 Pelapium
1810 3307 1890 3362 cond-

240 3373 386 3442 denegarit
435 3373 467 3428 tt.
500 3391 518 3428 9
548 3373 582 3428 id.
611 3373 674 3428 nee.
705 3373 819 3428 Leontio
853 3381 879 3430 et
908 3373 1038 3428 Sallustio
1091 3383 1140 3430 tem
1163 3393 1253 3430 rernm
1271 3375 1452 3448 priuatarum.
1493 3375 1593 3428 Ante²⁰
1616 3377 1763 3430 sententiae
1785 3379 1890 3444 tempus

239 3457 323 3496 conss.
926 3447 960 3506 [a.
980 3445 1038 3506 344]
1089 3451 1116 3498 91
1134 3445 1252 3498 ordinem
1271 3449 1375 3500 9999999
1393 3459 1443 3498 999
1466 3459 1483 3496 a
1500 3443 1650 3498 discussura
1666 3457 1716 3498 neo
1733 3459 1749 3496 a
1766 3443 1890 3498 rationali

272 3505 413 3580 3⁹Impp.
439 3509 644 3562 Valentinianus
667 3515 694 3564 et
721 3509 819 3564 Valens
842 3511 897 3562 ΛΑ.
922 3507 1039 3562 991119-
1088 3513 1252 3580 appellare²¹
1275 3513 1362 3566 119991.
1403 3511 1435 3564 J).
1454 3527 1496 3564 rr
1517 3511 1542 3566 lc.
1561 3511 1644 3568 Mart.
1668 3511 1819 3566 Mediolani
1838 3515 1890 3566 Ar-

239 3577 339 3630 deatum
363 3595 409 3646 pp.
454 3575 527 3630 Nulli
552 3575 707 3632 officialium
738 3593 755 3630 a
782 3579 913 3634 sententia
938 3577 1057 3644 proprii,
1089 3583 1167 3634 cadio
1184 3583 1216 3634 Α.
1235 3585 1262 3634 et
1278 3581 1405 3634 Bautonc
1422 3595 1507 3634 conss.
1778 3583 1810 3644 [a.
1830 3583 1889 3644 381]

237 3645 501 3714 19119199199999919
520 3645 654 3700 tribuatur
675 3645 726 3698 nisi
743 3645 770 3698 in
788 3661 819 3700 eo
837 3649 940 3698 tantum
958 3661 1038 3712 nego·
1123 3645 1140 3706 8
1160 3647 1225 3702 2²Im
1241 3667 1271 3720 p.
1290 3647 1424 3702 Arcadias
1444 3655 1470 3702 et
1487 3647 1629 3700 Hortarius
1646 3649 1700 3702 ΛΑ.
1718 3645 1888 3718 Apollodoro

238 3713 282 3776 tio,
302 3713 372 3782 quod
386 3715 489 3766 ratione
505 3713 581 3778 civili,
599 3727 680 3780 super
694 3713 853 3780 patrimonio
869 3713 948 3778 forte,
967 3713 1038 3782 apud
1088 3715 1179 3770 comiti
1201 3723 1291 3770 rernm
1309 3715 1489 3788 privatarum.
1529 3715 1566 3768 Et
1587 3715 1753 3782 publicarum
1773 3715 1888 3768 necessi-

236 3781 371 3850 proprium
387 3781 501 3834 iudicem
518 3779 657 3844 inchoarit,
676 3781 777 3834 scilicet
794 3781 868 3832 utin
886 3797 916 3834 eo
934 3787 1038 3834 tantum
1087 3787 1172 3838 tatum
1196 3787 1222 3838 et
1245 3781 1341 3852 privati
1364 3783 1458 3836 aerarii
1483 3781 1602 3850 deposcit
1624 3783 1740 3848 utilitas,
1766 3799 1799 3836 ne
1818 3799 1888 3836 com-

237 3849 339 3916 nsgotio
362 3865 378 3902 a
399 3849 531 3902 sententia
554 3847 621 3910 eius,
645 3849 688 3902 cui
705 3853 783 3916 paret
799 3847 893 3914 iudici,
918 3847 1037 3916 quisquis
1087 3853 1176 3918 moda,
1203 3867 1269 3918 quae
1293 3851 1382 3904 domui
1403 3857 1509 3904 nostrae
1528 3851 1668 3916 debentur,
1695 3851 1797 3904 callidis
1815 3851 1887 3904 debi-

236 3919 297 3970 relit
314 3915 437 3970 officialis
455 3917 582 3984 appellet,
608 3917 678 3984 quod
695 3931 743 3984 per
760 3921 959 3984 procuratorem
995 3931 1037 3970 cr·
1086 3925 1173 3972 torum
1191 3919 1293 3972 artibus
1311 3917 1473 3970 differantur.
1502 3919 1671 3986 quamobrem
1688 3933 1779 3970 eorum
1796 3919 1887 3986 appel-

237 3985 311 4054 sequi
332 3985 389 4038 iure
413 3985 546 4056 tribuitur.
587 3983 620 4038 D.
640 3997 695 4036 1111
716 3985 752 4036 id.
776 3981 837 4036 Iun.
862 3985 959 4054 szieo
1008 4001 1036 4036 a·
1085 3987 1185 4040 latione
1199 3987 1306 4054 reiecta,
1322 3987 1367 4052 qui
1381 3985 1675 4054 apertemanilesteque
1691 3985 1887 4052 conuenisset,

236 4051 382 4106 lentiniana
401 4061 427 4108 et
450 4051 561 4108 Valente
577 4051 633 4106 ΑΛ.
653 4067 739 4106 conss.
924 4057 957 4116 [9.
977 4055 1041 4118 913]
1086 4055 1137 4108 hoc
1155 4055 1289 4108 observari
1312 4053 1449 4122 praecepti
1468 4053 1546 4108 buius
1565 4055 1723 4108 auctoritato
1742 4067 1887 4118 censemus,

269 4117 288 4176 t
316 4119 412 4174 ιο1999
438 4125 465 4174 et
491 4117 639 4176 Gratianus
659 4119 738 4174 ΑΑΑ.
767 4119 804 4174 ad
826 4117 964 4190 tilpinum
989 4135 1035 4188 pu.
1087 4127 1116 4174 ut
1143 4123 1179 4186 ei,
1211 4137 1287 4190 quem
1315 4121 1464 4174 consaterit
1489 4135 1546 4174 esse
1571 4123 1708 4188 publicum
1734 4119 1887 4186 debitorem,

236 4187 429 4242 Abstinendum
442 4205 550 4256 prorsus
566 4187 745 4256 appellatione
759 4189 899 4252 sancimus,
915 4187 1035 4256 quotiens
1086 4189 1272 4258 appellationis
1307 4187 1465 4246 beneficium
1499 4189 1649 4254 denegetur.
1705 4187 1738 4246 Ii.
1766 4201 1822 4242 911
1850 4189 1886 4242 id.

236 4253 332 4310 fiscalis
357 4257 453 4312 calculi
476 4255 624 4310 9991919999
646 4257 798 4324 postulatur
815 4261 863 4310 aut
880 4255 1037 4308 tributariae
1085 4261 1153 4328 Arcp.
1177 4255 1327 4312 Mediolani
1349 4255 1467 4310 Arcadio
1492 4271 1547 4310 1111
1570 4263 1597 4310 et
1618 4255 1743 4312 Honorio
1768 4271 1809 4310 111
1831 4259 1886 4310 ΑΑ.
1912 4311 1913 4314 ,

236 4321 378 4378 functionis
395 4327 522 4378 sollemne
538 4339 634 4378 munus
650 4325 804 4392 exposcitur
819 4327 867 4378 aut
881 4321 981 4392 publici
996 4323 1036 4376 991
1085 4339 1171 4378 conss.
1775 4327 1808 4388 [a.
1828 4329 1885 4390 396]

236 4389 314 4444 etiam
329 4393 434 4460 privati,
453 4391 593 4456 dummodo
609 4393 737 4446 evidentis
752 4395 833 4460 atque
848 4388 1035 4446 9991991991-

235 4457 324 4536 hibitio
339 4459 422 4514 debiti
437 4459 578 4530 flagitatur,
597 4465 627 4512 ut
642 4461 795 4514 necessario
810 4461 838 4514 in
854 4465 1035 4514 contumacem

235 4541 258 4576 vr
276 4543 306 4580 or
322 4527 477 4582 iudiciarias
494 4527 632 4584 excitetur.
668 4527 724 4582 PP.
743 4529 846 4584 Romae
862 4527 944 4582 1919.
960 4525 1033 4596 Sept.

263 4593 429 4650 plantiniana
447 4603 474 4650 ct
497 4595 608 4652 Valente
625 4609 654 4648 rr
669 4597 724 4648 ΛΑ.
743 4613 830 4652 conss.
922 4601 956 4660 [a.
976 4597 1033 4658 363]

234 4833 262 4894 (1)
278 4837 302 4882 99
320 4837 346 4898 O,
363 4835 483 4888 991Ρ11Ι
507 4839 540 4900 (1)
552 4837 631 4902 ipsam
649 4837 676 4898 O,
689 4837 741 4900 ipse
752 4835 780 4900 P,
797 4839 822 4886 et
830 4835 915 4900 ipseli
966 4831 1035 4896 (3)ss
1085 4847 1123 4882 res
1146 4835 1170 4882 99
1195 4849 1284 4898 egenos
1304 4833 1410 4886 fideliter
1432 4839 1589 4900 eroganturi:
1613 4841 1656 4902 qni
1676 4839 1748 4888 indae
1769 4855 1820 4886 cnm
1838 4855 1885 4886 non

234 4901 256 4960 9,
275 4913 291 4960 1,
311 4915 348 4954 142
366 4923 431 4970 seqq.
449 4933 483 4942 -
504 4907 541 4972 Of,
560 4903 620 4970 Dip.
638 4907 679 4966 49,
698 4915 709 4954 5
761 4903 839 4966 (ηπ
860 4905 903 4954 Tb.
920 4905 1034 4962 11,36,1
1085 4903 1188 4964 quadret
1209 4905 1258 4952 nisi
1280 4907 1314 4954 ad
1337 4903 1410 4954 locam
1432 4909 1560 4970 pentinum,
1591 4907 1740 4972 interpretem
1766 4903 1884 4954 Graecum

234 4969 265 5030 (5)
282 4967 347 5020 idem
356 4975 408 5022 ΔΑ.
422 4973 465 5036 (2
477 4973 552 5038 impp.
564 4971 724 5022 Constantius
742 4975 767 5020 99
780 4971 901 5020 Constans
911 4969 972 5030 Aa.)
990 4967 1033 5016 Tb.
1085 4987 1165 5020 errare
1187 4989 1306 5022 numerum
1329 4981 1401 5036 atquc
1424 4973 1516 5024 initium
1535 4975 1694 5024 antecedentis
1712 4973 1884 5022 constitutionis

200 5047 203 5054 '
233 5035 265 5098 (b)
284 5039 436 5088 consularem
459 5041 544 5104 Syriae
566 5039 651 5090 Coeles
675 5041 745 5090 addit
767 5041 809 5088 Tb.
871 5041 903 5104 (1)
925 5039 961 5088 ila
983 5035 1033 5096 GR,
1085 5039 1563 5102 suscripsisseBicnerusrectciudicauit
1597 5041 1834 5104 (12)=Tb.ll,so,
1845 5047 1883 5088 25:

234 5119 275 5152 on.
294 5107 318 5154 P
401 5107 543 5170 (91990,
567 5107 715 5172 denegamus
737 5107 786 5158 PR
876 5107 910 5170 (9)
929 5131 961 5150 =
986 5103 1031 5152 Tb·
1084 5103 1154 5168 inape
1175 5105 1218 5154 Ti.
1241 5109 1278 5170 11,
1296 5119 1331 5166 eo,
1350 5117 1384 5158 ar.
1404 5109 1443 5170 11,
1461 5119 1495 5170 99,
1515 5119 1548 5158 aa.
1568 5119 1594 5158 94
1679 5107 1884 5174 (1911999999-

235 5173 351 5236 ll,36,tt
404 5173 547 5236 00)sz-
561 5177 691 5240 11,as,1e:
711 5177 890 5242 19999199.
923 5173 964 5236 (11)
975 5191 994 5220 ο.
1004 5181 1033 5218 ta
1082 5169 1215 5232 pellentem
1234 5173 1308 5224 eliam
1324 5175 1415 5226 uostris
1432 5175 1601 5224 sanctionibus
1617 5179 1710 5226 statuta
1723 5173 1802 5224 multa
1818 5187 1883 5222 com·

233 5243 1032 5308 991,4,19991991999199919911919Ρ99991119999911099993,
1082 5243 1164 5300 poscat
1181 5243 1225 5290 ins.
1247 5241 1292 5294 Tb.
1310 5261 1362 5292 cum
1379 5243 1407 5292 B
1425 5245 1507 5308 (9.9.)
1578 5245 1621 5308 (14)
1640 5257 1753 5294 99999999
1771 5239 1819 5290 erit
1838 5239 1882 5290 Tb.

233 5323 293 5366 9999
311 5311 409 5362 babent:
428 5313 453 5376 β.
473 5305 498 5370 ζ’
517 5327 542 5360 τ.
560 5307 591 5370 Ei
607 5305 674 5362 dacia.
692 5305 729 5374 δ’,
747 5309 775 5374 ips
792 5305 807 5374 ἡ
824 5305 891 5380 cipp}
908 5307 1032 5360 abstincu-
1082 5323 1133 5354 cum
1150 5307 1189 5366 B,
1212 5309 1311 5358 cesserit
1334 5311 1378 5372 Lu,
1403 5311 1531 5360 cessaverit
1553 5309 1638 5364 IMR
1723 5309 1766 5372 (15)
1783 5329 1818 5350 -ε
1838 5307 1882 5356 Tb.

232 5371 296 5422 dum.
314 5373 341 5426 oi
354 5373 473 5446 clippiaci
485 5373 538 5442 πρὸ
552 5371 712 5444 ἀποφάσεως
725 5371 910 5446 ἐκκαλούμενοι
924 5391 1031 5446 999999-
1085 5373 1122 5434 11,
1140 5383 1176 5434 93,
1195 5385 1221 5426 ab
1290 5377 1335 5442 (11)
1352 5393 1395 5442 99.
1416 5379 1468 5442 Tin,
1491 5395 1533 5442 pp.
1551 5381 1628 5436 SUB,
1646 5377 1726 5444 cpP
1792 5375 1836 5440 (19)
1854 5373 1882 5422 19

231 5439 336 5500 prinam
351 5443 425 5516 παρὰ
437 5443 483 5494 τοῦ
500 5443 626 5512 ἄρχοντος
640 5439 667 5494 rr‘
683 5443 773 5518 dispas
787 5439 919 5518 ἀργυρίου.
947 5441 1032 5494 ταῦτα
1080 5453 1143 5502 poss.
1161 5443 1236 5506 mitt]
1260 5443 1335 5494 edicti
1356 5461 1400 5510 per
1421 5445 1505 5496 dirum
1521 5447 1679 5496 Hadrianum
1696 5443 1791 5492 conditi
1808 5441 1881 5490 bene-

232 5499 260 5554 di
282 5505 395 5580 λήψεται
419 5505 466 5574 οὐχ
483 5505 498 5560 ὁ
516 5515 621 5578 planos,
644 5507 711 5562 atta
732 5515 786 5564 ucis
803 5517 899 5578 πένησι
916 5515 960 5564 nal
977 5513 1032 5560 acis
1079 5507 1164 5556 ficium
1181 5515 1363 5576 consequantur
1383 5515 1427 5564 Tb.
1505 5515 1549 5578 (18)
1566 5515 1622 5562 auri
1643 5515 1693 5576 rt,
1712 5505 1837 5580 ἀργυρίου
1855 5509 1881 5560 Β

231 5567 362 5642 btttpcrs'roac
379 5579 587 5632 neocaesarea
605 5577 798 5674 ροἴευθήσεται
814 5583 852 5644 (id
869 5593 916 5632 est:
935 5581 1032 5632 libra
1081 5577 1125 5640 (19)
1141 5599 1175 5620 =
1196 5579 1239 5628 Tb.
1259 5583 1299 5644 11,
1316 5591 1353 5644 tt,
1370 5593 1411 5632 ab:
1434 5583 1505 5650 ianpc
1523 5585 1546 5644 i,
1565 5593 1600 5642 91,
1617 5591 1643 5630 tt
1720 5579 1768 5640 (10)
1787 5579 1881 5626 certum

231 5641 248 5686 i·
267 5653 294 5694 65
311 5653 386 5700 const.
406 5659 426 5712 4,
446 5663 507 5710 quae
524 5645 615 5710 incipit
644 5647 837 5698 abstinendum'.
871 5647 969 5712 Clerici,
987 5647 1031 5710 qui
1081 5643 1125 5692 ins.
1147 5643 1189 5692 Tb.
1243 5647 1287 5712 (11)
1304 5647 1425 5714 appellari
1443 5651 1501 5700 libri
1517 5659 1600 5698 cantra
1616 5647 1644 5698 B
1664 5659 1686 5698 ct
1704 5647 1756 5704 Ta,
1775 5647 1818 5694 ubi
1834 5657 1881 5696 est:

231 5713 286 5758 ante
304 5717 450 5766 sententiam
467 5711 607 5780 appellant,
631 5729 645 5762 a
667 5715 778 5776 praeside
796 5717 817 5766 L
840 5717 912 5768 libris
933 5715 1031 5780 argenti
1082 5713 1182 5758 9999999
1202 5713 1242 5764 991
1262 5731 1277 5766 9
1298 5715 1432 5766 discussura
1451 5717 1490 5766 991
1514 5731 1528 5764 9
1553 5713 1669 5764 rationali
1689 5711 1814 5776 appellare
1830 5729 1880 5764 nou

231 5777 379 5832 multantur:
402 5799 441 5834 eas
459 5787 542 5832 sutem
558 5797 609 5830 non
627 5781 807 5844 accipitliscus
825 5785 911 5836 sedin
929 5799 1026 5850 paupe*
1082 5781 1128 5844 (11)
1144 5803 1179 5824 =
1199 5779 1242 5830 Tb.
1263 5785 1301 5848 11,
1319 5795 1346 5836 aa
1366 5797 1391 5836 32
