4250 6258
248 355 324 424 VIII
348 361 385 424 10
1044 349 1109 424 336
1484 375 1528 424 ns
1550 373 1730 424 subticens
1751 373 1904 424 rmvnrss

245 563 307 612 μεν,
335 535 451 608 οὐδαμοῦ
476 535 526 606 τήν
553 541 582 592 ἐκ
608 539 666 592 τῶν
689 533 846 610 συμφῶνοιν

245 605 374 676 πημάτων
396 603 565 676 ἁρμόζουσαν
588 603 731 676 βοήθειαν,
755 607 830 696 εἴπερ
851 563 884 662 bl

245 683 261 730 4
295 671 405 742 τοιαύτη
429 693 477 740 τις,
502 673 681 748 ἀναιροῦντες.
711 673 777 728 ”nee
800 673 830 730 δε
852 679 900 730 τοῦ
921 685 1052 754 προτέρου

245 741 327 826 pipere
344 739 498 826 κελεύοντος
514 743 611 814 ἑκατόν
628 739 714 796 πόδας
731 743 828 808 ἐξεῖναι
845 745 891 798 τάς
912 751 996 802 οἰκίας
1017 747 1053 800 εἰς

1102 535 1179 592 absi
1197 537 1335 594 στενωπὸς
1351 539 1388 608 μή
1405 549 1554 616 περαιτέρω
1574 537 1637 594 δέκα
1655 537 1749 592 ποδῶν
1766 541 1814 608 εἴη,
1838 535 1903 610 μηδ’

1102 611 1245 682 ἐπιχειρεῖν
1271 611 1299 658 ἐκ
1326 605 1471 678 μηδετέρου
1496 615 1589 682 μέρους
1615 607 1734 680 σωλάρια
1757 605 1816 676 ήτοι
1842 605 1905 670 έξῶ·

1103 683 1134 732 bc
1169 693 1233 730 στας
1259 673 1474 742 κατασκευάζειν.
1519 685 1574 730 Καὶ
1603 675 1636 732 τά
1661 673 1794 748 γενόμενα
1820 675 1849 730 δέ
1874 673 1907 730 όν

1101 745 1205 814 εἴρηται
1226 743 1330 814 τρόπον
1346 743 1488 814 κελεύομεν
1505 741 1653 814 ἀφεστάναι
1670 747 1717 798 τού
1741 741 1853 814 ἐδάφους
1871 745 1905 798 εἰς

1100 809 1167 882 {lpas
1184 809 1280 866 ποδῶν
1298 811 1444 866 δεκαπέντε
1462 811 1607 882 διάστημα,
1631 817 1678 868 καῖ·
1712 811 1821 880 ηδαμῶς
1838 811 1907 866 κατὰ

1101 881 1221 952 κάθετον
1244 877 1337 934 αὐτῶν
1359 887 1450 934 κίονας
1472 879 1592 934 λιθίνους
1613 877 1629 948 ή
1653 883 1770 946 ξείνους
1799 883 1844 936 ἐπὶ
1866 883 1905 948 τῷ

1102 947 1194 1018 ἐδάφει
1221 947 1354 1000 ἵστασθαι
1381 945 1398 1014 ἢ
1423 955 1526 1014 τοίχους
1550 947 1808 1016 κατασκευάζεσθαι,
1837 943 1907 1002 ῶστε

1100 1013 1167 1086 μήτε
1190 1015 1239 1070 τόν
1262 1009 1328 1090 ἀέρα
1349 1015 1398 1070 τόν
1421 1013 1474 1072 ύπδ
1495 1021 1549 1070 τοῖς
1567 1021 1596 1068 έν
1613 1021 1653 1084 τῷ
1672 1015 1735 1090 ὕφει
1750 1021 1905 1090 γινομένοις,

1102 1081 1137 1138 ῶς
1159 1085 1273 1154 εἴρηται,
1298 1083 1440 1156 σωλαρίοις
1466 1081 1704 1168 ἀποφράττεσθαικ,
1728 1081 1796 1156 μήτε
1820 1087 1906 1138 ἐντεύ-

886 563 928 598 τοι
953 545 1052 616 ἐπερω-

884 629 921 664 ως
940 607 1053 684 ύπάρχει

245 829 312 882 opos
329 813 415 886 αἰρειν
433 811 479 864 τάς
497 807 549 866 ὑπὸ
567 813 615 864 τού
632 811 714 884 πυρός
731 809 827 886 πρῶην
845 811 1051 888 διαφθαρείσας,

245 883 268 934 εἰ
290 885 336 932 καί
359 885 420 952 περί
442 877 582 946 θαλάσσης
605 877 710 952 ἄποψιν
728 883 816 954 έτερος
832 879 988 950 βλάπτοιτο,
1007 887 1051 936 καί

244 945 345 1014 ταύτην
360 945 532 1020 ἀναιροῦντες
547 949 597 1016 τήν
611 945 776 1020 ἀμφιβολίαν
792 949 962 1022 θεσπίζομεν
972 955 1051 1006 τοῦτο

245 1013 309 1070 αὐτὸ
328 1021 437 1090 κρατεῖν
455 1021 504 1070 ἐπί
518 1037 548 1070 τε
562 1021 621 1072 τῶν
640 1017 853 1088 ἐμπρησθεισῶν
872 1021 966 1072 οἰκιῶν
983 1021 1050 1072 εἴτει

243 1087 302 1138 τῶν
319 1081 524 1156 ἀνανεουμένων
542 1093 585 1138 καί
603 1089 723 1140 ἐπὶτῶν
741 1083 788 1138 ούκ
806 1083 897 1140 ούσῶν
917 1091 966 1158 μέν
986 1085 1050 1160 πρό·

244 1171 330 1228 τερον,
347 1155 513 1222 παιζομένων
531 1151 561 1208 δέ
577 1157 634 1216 νῦν,
658 1153 726 1222 μετὰ
743 1149 851 1208 τούτων
867 1159 912 1208 καί
930 1159 975 1210 ἐπὶ
992 1159 1050 1210 τῶν

243 1219 325 1294 πυρός
341 1225 390 1292 μέν
408 1219 516 1310 βλάβην
526 1221 568 1308 μὴ
587 1219 748 1290 δεξαμένων,
773 1219 816 1274 διά
834 1221 1003 1290 παλαιότητα
1022 1221 1051 1276 δέ

243 1287 259 1356 ἢ
281 1295 330 1342 καί
350 1309 414 1342 τινα
442 1311 491 1344 ουν
519 1289 603 1358 αλλην
633 1291 725 1342 αἰτίαν
749 1291 867 1366 σαθρῶν
888 1297 1049 1364 γενομένων,

244 1359 288 1410 ἵνα
307 1361 351 1412 ἐπὶ
369 1355 455 1426 πάσης
472 1361 556 1412 οἰκίας
576 1355 812 1444 οἰκοδομρυμένηςί
836 1359 932 1414 ἑκατὸν
956 1357 1050 1414 ποδῶν

1100 1153 1154 1206 θεν
1176 1151 1335 1224 στενότερον
1356 1153 1486 1226 γίνεσθαι
1507 1153 1556 1206 τὸν
1574 1171 1716 1206 στενωπον
1733 1159 1777 1206 καί
1796 1153 1845 1220 τήν
1863 1151 1907 1218 δη-

1101 1221 1137 1276 bd
1174 1227 1274 1290 μσσίαν
1305 1219 1431 1294 πάροδον.
1476 1219 1624 1290 Κωλύομεν
1655 1217 1685 1272 δέ
1709 1225 1753 1274 καί
1779 1219 1907 1290 κλίμακας

1100 1285 1154 1342 ἀπὸ
1186 1291 1233 1342 τοῦ
1267 1285 1379 1360 ἐδάφους
1409 1287 1555 1360 ἀρχομένας
1586 1291 1633 1342 τοῦ
1666 1291 1807 1344 στενωποῦ
1838 1295 1905 1362 γίνε-

1100 1357 1184 1422 σθαι,
1211 1353 1362 1430 ἀναγοόσας
1388 1359 1433 1412 ἐπὶ
1458 1357 1492 1412 τά
1515 1353 1648 1428 σωλάρια,
1668 1351 1738 1412 ῶστε
1760 1359 1790 1408 ἐκ
1812 1377 1842 1410 τε
1861 1359 1907 1422 τῆς

243 1427 282 1492 εἴη
305 1423 439 1496 διάστημα
461 1431 493 1480 ἐν
512 1431 587 1496 μέση)
608 1429 666 1480 τῶν
683 1449 720 1496 αμ
743 1425 929 1498 ιβαλλομένων
947 1423 1050 1492 τύπων,
1638 1427 1650 1438 ”

242 1489 397 1564 κωλύματος
422 1501 503 1568 χωρὶς
527 1501 637 1568 γένηται
664 1447 840 1564 οἰκοδόμημα,
867 1499 909 1548 ei³
934 1501 978 1550 nai
1004 1497 1050 1562 τής

242 1559 314 1630 ἄλλῳ
338 1561 513 1638 διαφερούσης
537 1565 620 1616 οἰκίας
641 1563 691 1630 τήν
716 1567 760 1618 ἐπὶ
781 1561 927 1618 θάλασσαν
945 1563 1050 1636 άποφιν

242 1637 276 1684 4η
311 1629 478 1702 λυμαίνηται.
524 1629 572 1684 Τάς
595 1629 624 1684 δὲ
648 1627 702 1686 ἀπό
728 1627 823 1702 μόνων
848 1639 1008 1706 μαγειρείων
1034 1627 1049 1696 ἢ

242 1701 300 1754 τῶν
323 1699 496 1768 καλουμένων
517 1697 670 1756 ἀποπάτων
693 1697 710 1768 ἢ
734 1697 936 1774 άφεδρῶνωνή
959 1695 1049 1772 κλιμά-

242 1789 299 1820 κων
321 1765 337 1834 ή
362 1765 515 1836 διαβάσεων
539 1769 606 1840 πρός
628 1767 748 1842 πάροδον
770 1765 857 1840 μόνην
876 1763 1049 1844 χρησίμωνῆ

241 1843 287 1888 καί
303 1833 437 1900 robiani,
460 1833 621 1890 δκαλούσιν
639 1837 665 1890 οἱ
686 1835 782 1892 πολλοὶ
799 1843 960 1912 βαστέρνια,
983 1833 1048 1892 ἀπό·
1099 1855 1134 1888 τα
1154 1855 1287 1908 γενομενα
1310 1839 1486 1902 έκκοπησετοιι
1507 1857 1600 1906 μονον,
1624 1831 1691 1888 ἀλλὰ
1712 1841 1757 1888 καί
1775 1831 1789 1888 ό
1806 1837 1852 1900 τῆς
1869 1837 1906 1888 οἰ-

242 1921 301 1976 φεις
318 1905 353 1956 εἰς
378 1901 523 1960 θάλασσαν
540 1901 673 1974 βλάπτειν
691 1907 804 1970 ἐξέστω,
829 1901 880 1958 κάν
899 1905 974 1960 ἐντὸς
991 1907 1049 1958 ina·
1099 1909 1157 1956 νίας
1176 1903 1214 1988 (κύ
1233 1921 1271 1958 eos
1296 1901 1361 1986 δέκα
1386 1909 1495 1990 χρυσίου
1520 1903 1621 1986 λιτρῶη
1647 1907 1745 1972 ζημίαν
1770 1897 1905 1972 inspersi,

1100 1421 1299 1548 ἀσφαλεστέηας
1316 1429 1478 1492 κατασκευῆς
1495 1431 1539 1480 καί
1558 1429 1587 1478 ἐκ
1604 1445 1650 1478 του
1669 1423 1705 1494 μή
1721 1423 1826 1498 σφόδρα
1841 1423 1905 1490 πλη·

241 1971 291 2026 τόν
317 1969 411 2026 ποδῶν
434 1969 558 2042 βούλοιτό
581 1991 621 2026 τις
647 1971 807 2058 οἰκοδρμεῖν,
832 1971 937 2028 δῶδεκα
959 1979 1050 2026 ιιέντοι
1099 1977 1144 2026 καί
1169 1993 1184 2026 ο
1211 1923 1387 2028 διατυπῶσας
1413 1977 1577 2044 αρχιτέκτων
1602 1993 1618 2038 η
1649 1969 1793 2056 ἐργόλαβος
1817 1973 1907 2044 ἑτέρας

1100 1495 1203 1558 σιάζειν
1218 1489 1252 1546 ἀλ
1268 1491 1339 1562 ήλοις
1355 1493 1390 1548 τά
1408 1493 1528 1566 σωλάρια
1541 1499 1714 1564 κουφοτέρους
1728 1499 1772 1546 καί
1787 1511 1906 1548 σπανιω·

1099 1567 1190 1636 τέρους
1214 1567 1374 1630 συμβαίνειν
1397 1559 1422 1629 (δ
1439 1561 1475 1630 μή
1493 1569 1610 1630 συμβαίη
1628 1567 1705 1628 ποτέ)
1728 1567 1773 1614 καί
1796 1557 1905 1616 einold-

1099 1651 1179 1702 τερον
1211 1629 1350 1684 παύεσθαι
1379 1629 1440 1684 τούς
1471 1633 1500 1684 ἐκ
1528 1633 1575 1684 τού
1603 1627 1684 1702 πυρὸς
1709 1627 1847 1684 κινδύνους
1872 1631 1906 1696 τῆ

1101 1705 1131 1754 bc
1157 1695 1235 1754 πόλει
1252 1703 1368 1752 καὶτοῖς
1385 1701 1474 1766 έχουσι
1491 1699 1537 1752 τάς
1553 1699 1644 1752 οἰκίας.
1670 1699 1704 1750 Εἰ
1723 1697 1752 1750 δέ
1769 1703 1814 1752 καὶ
1832 1685 1906 1772 παρδι

1098 1785 1149 1820 τον
1170 1771 1250 1836 ημέτε
1267 1787 1299 1822 ον
1322 1789 1407 1836 νυμον
1446 1773 1538 1834 ε’νηται
1563 1787 1602 1820 σω
1620 1789 1636 1818 α
1655 1787 1697 1820 ιον
1714 1789 1730 1834 η
1750 1767 1857 1836 κλίμαξ,
1875 1787 1905 1818 ου

1121 1765 1128 1850 δ
1178 1763 1185 1780 ς
1208 1831 1215 1848 Ι
1251 1789 1266 1840 ρ
1346 1765 1353 1782 Ι
1399 1835 1406 1854 Ι
1428 1789 1445 1840 y
1533 1833 1539 1852 Ι
1605 1763 1653 1840 λ’έ)
1719 1765 1731 1782 λ
1897 1765 1903 1782 Ὶ

242 2041 273 2096 bb
308 2037 389 2096 πόδες
407 2045 436 2094 ἐν
452 2047 526 2110 μέσῳ
545 2039 701 2116 τυγχάνοιεν
718 2059 800 2098 οντες.
845 2047 934 2098 Ταῦτα
952 2023 982 2094 δέ
998 2061 1048 2098 πα·
1100 2039 1164 2092 δέκα
1187 2039 1278 2116 λίτρας
1301 2039 1466 2108 καταθήσει,
1490 2047 1535 2094 καὶ
1557 2035 1571 2094 ό
1594 2043 1770 2112 ἐργασάμενος
1787 2047 1907 2106 τεχνίτης

242 2107 449 2180 ραφυλαχθῆναι
468 2111 642 2178 θεσπίζομεν,
667 2107 712 2164 iias
728 2113 765 2182 μὴ
782 2107 895 2184 ύπάρχει
912 2115 967 2164 τινὶ
985 2113 1048 2180 σύμ·
1100 2105 1147 2174 ούχ
1171 2107 1224 2164 οἷός
1247 2127 1278 2164 τε
1302 2105 1342 2162 ῶν
1360 2107 1404 2162 διὰ
1421 2115 1519 2164 πενίαν
1538 2109 1702 2176 ζημιοῦσθαι
1720 2107 1751 2162 τό
1770 2113 1850 2178 σῶμα
1868 2111 1905 2160 ai-

816 2183 828 2194 *
908 2179 913 2194 “
1039 2177 1045 2194 *
1100 2183 1114 2230 b
1149 2179 1255 2230 κισθεὶς
1278 2179 1325 2244 τῆς
1349 2175 1452 2230 πόλεως
1474 2173 1675 2246 ἐξελαθήσεται.
1710 2177 1782 2250 Πρός
1803 2173 1907 2230 τούτοις

1099 2241 1340 2318 παρακελευόμεθα
1357 2245 1453 2316 μηδενί
1471 2247 1569 2308 ἐξεῖναι
1586 2243 1698 2302 πολλούς
1712 2247 1803 2316 ἐφεξῆς
1817 2251 1907 2298 κίονας

1099 2317 1129 2366 έν
1152 2319 1210 2368 ταῖς
1235 2311 1375 2384 δημοσίαις
1397 2319 1488 2368 στοαῖς
1509 2319 1567 2368 ταῖς
1592 2311 1646 2368 ἀπὸ
1670 2317 1717 2366 τοῦ
1744 2311 1906 2382 καλουμένου

1099 2379 1199 2436 Mallon
1220 2379 1280 2454 άχρι
1301 2385 1347 2434 τοῦ
1368 2381 1545 2438 Καπετωλίου
1562 2379 1746 2456 ἀποφράττειν
1765 2377 1906 2452 οἰκήμασιν

1099 2455 1128 2502 ἐκ
1151 2449 1274 2504 σανίδων
1296 2451 1392 2520 μόνων
1415 2447 1431 2518 ἢ
1454 2457 1499 2506 καὶ
1521 2449 1608 2506 άλλως
1631 2455 1660 2504 ἐν
1682 2455 1756 2518 μέσῳ
1778 2453 1836 2504 τῶν
1852 2447 1905 2502 κιό-

1099 2525 1133 2572 ba
1166 2539 1225 2572 νων
1249 2523 1527 2590 κατασκευαζομένοις.
1560 2517 1638 2572 Ἀλλά
1661 2517 1715 2590 μὴν
1737 2517 1771 2572 τά
1793 2521 1906 2572 τοιαῦτα

1097 2583 1230 2656 οἰκήματα
1247 2587 1284 2656 μή
1301 2583 1476 2672 ύπερβαίνειν
1493 2583 1608 2642 πλάτους
1623 2591 1674 2656 μέν
1691 2583 1787 2642 ποδῶν
1804 2587 1833 2650 ἓξ
1855 2585 1905 2638 σὺν

1098 2659 1152 2708 τοῖς
1169 2661 1267 2722 τοίχοις
1284 2659 1329 2710 ἐπί
1346 2677 1398 2722 την
1414 2655 1554 2720 πλατείαν,
1572 2651 1656 2740 ipsus
1673 2653 1703 2710 δέ
1718 2653 1812 2710 ποδῶν
1829 2651 1905 2716 ἑπτά,

242 2197 336 2248 paror
353 2181 501 2250 ἐπιτρόπου
516 2179 694 2248 οἰκοδομεῖν5·
716 2199 865 2248 τηνικαυτα
882 2183 995 2254 γάρκαὶ
1013 2199 1049 2248 μη

242 2245 501 2320 παραφυλαχθεντος
533 2245 711 2318 διαστήματος
742 2247 812 2302 narei
843 2247 875 2302 τό
903 2247 1049 2318 σύμφωνον

242 2317 420 2386 ἐπιτρέπομεν
446 2317 601 2386 ἐγείρεσθαι
624 2315 670 2370 τὰς
692 2313 843 2386 οἰκοδομάς,
869 2319 962 2370 εἶκαὶ
984 2311 1047 2386 βλά-

242 2401 335 2436 πτοιεν
359 2387 420 2456 περί
442 2383 582 2450 θαλάσσης
603 2383 709 2456 inopte
731 2383 792 2438 τοὺς
815 2381 1049 2456 συμφωνήσαντας

241 2447 256 2518 ἢ
281 2449 340 2504 τούς
364 2449 411 2504 τὰς
435 2455 546 2506 ἐκείνων
567 2455 651 2506 οἰκίας
668 2449 880 2522 διαδεξαμένους,
905 2451 998 2520 ἐπειδὴ
1014 2449 1048 2506 τά

240 2515 291 2586 ήδη
308 2523 381 2572 τισὶν
398 2517 553 2594 ὑπάρχοντα
571 2527 600 2574 ἐκ
619 2519 776 2592 συμφώνων
798 2521 890 2576 δίκαια
913 2519 942 2574 ού
967 2537 1047 2608 προσ-

241 2593 254 2638 5
290 2587 347 2654 ήκει
369 2583 413 2640 διά
436 2591 494 2642 τῶν
516 2593 632 2662 γενικῶν
655 2587 830 2664 ἀναιρεῖσθαι
852 2587 955 2660 νόμων.
995 2593 1047 2642 Ετι

241 2653 270 2708 δέ
288 2657 456 2728 θεσπίζομεν
473 2659 507 2710 τὰ
524 2657 675 2728 καλούμενα
692 2657 811 2734 πωλάρια
828 2661 896 2728 μετὰ
914 2657 963 2714 τὸν
980 2677 1047 2730 παρ-

240 2719 325 2776 όνταῦ
348 2723 432 2794 νόμον
455 2725 492 2810 μή
516 2729 544 2780 ἐκ
571 2725 663 2780 κόνων
694 2725 784 2790 ξύλων
806 2749 837 2780 τε
858 2731 903 2780 καί
926 2723 1047 2780 σανίδων

239 2793 375 2864 γίνεσθαι,
398 2791 465 2846 άλλα
482 2797 522 2862 τῷ
540 2797 597 2848 τῶν
615 2793 768 2868 λεγομένων
786 2797 964 2870 ῥωμανιοίων
980 2797 1047 2848 aine·

240 2857 384 2930 δομιῖσθαι
410 2857 538 2932 σχήματι,
563 2861 626 2916 δέκα
651 2861 681 2918 δέ
704 2863 799 2920 ποδῶν
822 2865 892 2918 εἶναι
913 2859 1047 2932 διάστημα

240 2935 273 2982 ba
299 2929 399 2998 μεταξύ
414 2927 462 2982 δύο
479 2929 622 3006 σωλαρίων
632 2929 741 3004 ἀντικρύ
754 2933 845 2986 όντων
854 2929 985 2998 ἀλλήλων.
1012 2931 1047 2982 Εἰ

240 2995 269 3050 δέ
287 2999 366 3052 τούτο
382 2995 420 3066 μή
437 2995 555 3052 δυνατόν
573 3001 612 3068 εἴη
632 2999 675 3054 διὰ
692 3007 874 3070 στενοχωρίαν
892 3003 939 3054 τοῦ
953 2997 1047 3064 τόπου,

241 3065 270 3118 bb
307 3067 335 3118 ἐκ
354 3065 525 3140 παραλλαγῆς
542 3069 670 3140 γίνεσθαι
687 3067 722 3124 τά
738 3067 867 3142 σωλάρια,
902 3071 936 3122 Εἰ
955 3065 984 3122 δέ
1002 3061 1046 3120 αύ-

1098 2727 1127 2776 iu
1145 2725 1248 2778 παντὸς
1265 2723 1295 2776 δέ
1317 2721 1419 2798 τρόπου
1437 2723 1639 2798 διαετεοοαρων
1657 2723 1758 2778 κιόνων
1775 2723 1821 2778 τὰς
1838 2743 1905 2804 παρ-

1097 2789 1174 2846 όδους
1205 2791 1349 2866 ἐλευθέρας
1387 2789 1643 2864 καταλιμπάνεσθαι
1680 2791 1727 2846 τὰς
1763 2789 1818 2846 ἀπὸ
1847 2813 1905 2844 των

1098 2861 1130 2916 bb
1165 2863 1256 2914 στοῶν
1274 2863 1320 2914 ἐπὶ
1337 2859 1385 2916 τάς
1402 2859 1539 2916 πλατείας.
1574 2861 1807 2926 Καλλωπίζεσθᾳι
1825 2857 1905 2914 δὲτὰ

1097 2931 1211 2982 τοιαῦτα
1228 2927 1360 2998 οἰκήματα
1374 2927 1434 2998 ήτοι
1449 2925 1611 3004 ἐργαστήρια
1625 2929 1775 3004 μαρμάροις
1789 2929 1905 2992 ἔξωθεν,

1098 2993 1169 3050 ῶστε
1196 2993 1289 3052 κάλλος
1312 3001 1362 3068 μέν
1385 2995 1492 3052 διδόναι
1511 3001 1545 3070 τῇ
1569 2995 1659 3062 πόλει,
1686 2997 1849 3070 φυχαγωγὴν
1876 2993 1906 3048 δὲ

1097 3073 1129 3122 bc
1162 3071 1217 3118 τοῖς
1234 3065 1384 3136 βαδίζουσι.
1424 3065 1459 3120 Τά
1482 3065 1512 3120 δὲ
1529 3073 1558 3118 ἐν
1575 3073 1630 3120 τοῖς
1647 3065 1734 3120 ἀλλοις
1749 3071 1842 3140 μέρεσι
1859 3067 1905 3132 τῆς

668 3171 775 3178 --u-nn---n-
778 3169 1026 3176 -.-...,.-.-..-.-.-..-.-..--
1029 3169 1083 3174 -,-.-

239 3205 269 3268 (1)
294 3205 342 3256 ioci
361 3223 391 3256 τε
413 3223 458 3256 scr.
520 3205 552 3270 λε)
575 3205 598 3256 εἰ
620 3209 666 3258 ins.
727 3207 759 3270 (³)
778 3203 794 3272 ἢ
815 3207 875 3260 libri
932 3207 965 3270 (It
986 3199 1045 3256 τού-
1097 3207 1152 3256 τσῖς
1184 3205 1352 3268 στοιχηθεῖσι
1384 3207 1429 3256 ins.
1457 3207 1517 3256 Par.
1545 3205 1626 3256 Marc.
1661 3217 1743 3256 contre
1769 3205 1904 3256 Proobr'ron

239 3291 296 3324 των
314 3275 380 3338 edri,
399 3273 479 3324 τοῦτο
496 3275 556 3326 Ραι·.
575 3277 665 3340 Mara,
683 3275 771 3326 ταῦτα
787 3277 865 3328 Laus.
935 3277 968 3338 (5)
986 3271 1048 3326 τούς
1097 3275 1132 3338 (ὅ)
1151 3267 1275 3342 παρόντα
1293 3293 1336 3326 ονε.
1355 3277 1434 3326 Lanr.
1453 3273 1512 3326 Par.

240 3337 269 3394 δέ
294 3343 434 3404 κτίζοντας
460 3337 513 3394 ἀπὸ
540 3341 686 3412 σνμφῶυου
711 3343 759 3394 τού
782 3349 900 3414 γείτονος
923 3343 1047 3410 ἐμμένειν

186 3531 187 3534 “
234 3509 420 3582 probibemus,
437 3511 512 3564 nullo
532 3515 619 3566 tamen
641 3511 721 3566 mado
740 3511 889 3578 camillum,
913 3511 987 3582 quad
1010 3529 1045 3566 en
1096 3511 1128 3566 bb
1164 3517 1215 3566 tur.
1252 3511 1283 3566 St
1300 3527 1364 3566 uero
1382 3511 1440 3582 ipse
1457 3511 1621 3582 anpiparlns
1641 3527 1697 3564 non
1715 3511 1798 3564 latior
1815 3511 1904 3566 decem

234 3577 327 3650 pactis
351 3577 393 3634 ael
415 3577 637 3658 stipulationibus
659 3581 800 3652 competit,
826 3581 851 3634 si
877 3577 951 3652 quod
976 3579 1045 3634 eius-
1090 3577 1208 3652 pedibus
1224 3579 1273 3646 sit,
1298 3595 1335 3634 ea
1356 3585 1454 3634 neutra
1466 3583 1550 3650 perte
1566 3577 1671 3634 solaria
1688 3579 1743 3634 siue
1760 3577 1904 3634 maeniana

239 3651 255 3700 4
289 3645 363 3702 modi
386 3663 495 3702 omnino
520 3653 667 3718 competat,
692 3649 858 3718 auferentes.
898 3649 1046 3704 Praeterea
1096 3655 1127 3700 5ο
1169 3647 1266 3718 facere
1310 3655 1474 3702 raesumaul.
1519 3645 1557 3702 ta
1582 3663 1629 3712 ea,
1661 3663 1731 3718 puae
1756 3645 1902 3702 secuudum

239 3731 298 3770 enm
318 3715 402 3786 prior
425 3715 472 3770 leo:
494 3715 614 3780 saneta,
638 3721 670 3770 ut
694 3715 775 3772 liceat
791 3723 897 3772 centnm
912 3715 1000 3790 pedes
1017 3717 1046 3770 in
1095 3715 1196 3770 dictam
1227 3733 1269 3772 mo
1290 3733 1335 3770 um
1371 3715 1452 3786 facte
1483 3721 1560 3782 sant,
1601 3715 1721 3770 iubemus
1751 3715 1902 3786 quindecim

239 3783 322 3838 altaro
331 3783 464 3838 ealollerc
474 3783 640 3856 damasique
649 3791 729 3850 antea
741 3793 924 3908 consumptas,
941 3785 1046 3838 edamsi
1089 3783 1193 3856 pedam
1221 3785 1313 3838 satio
1343 3801 1361 3838 α
1390 3783 1451 3838 solo
1481 3783 1510 3838 in
1537 3783 1621 3838 altum
1647 3783 1749 3838 distare
1775 3789 1802 3838 et
1828 3783 1902 3838 nullo

239 3853 312 3906 circe
328 3853 413 3906 meris
449 3859 602 3932 respectum
617 3853 687 3908 aller
701 3853 834 3920 laedatur,
872 3871 924 3910 eac
937 3869 1046 3924 qnoque
1093 3859 1212 3924 pactae
1248 3851 1476 3926 perpendiculum
1497 3869 1592 3908 aarum
1614 3853 1754 3906 columnas
1781 3851 1903 3924 lapideas

239 3919 362 4000 tollentes
376 3865 578 4000 οπόλραιίαίεκι
593 3919 714 4000 iubemus
727 3919 779 4000 λου
790 3923 879 3994 ipsum
892 3923 981 4000 celere
991 3931 1046 3976 lam
1094 3921 1137 3976 uel
1163 3921 1268 4000 lipnees
1284 3923 1314 4000 in
1329 3921 1389 4000 sole
1403 3921 1476 4000 peni
1492 3921 1533 3976 cel
1549 3937 1642 3976 muros
1658 3919 1839 4000 substaniae
1856 3937 1903 3976 cer

240 4005 269 4042 ιιι
293 3987 438 4042 combustas
455 3987 565 4044 aedibus
588 4005 669 4060 quem
692 4005 721 4042 ικ
743 4007 777 4044 ας
799 4009 870 4060 quae
886 3991 1046 4060 reficiuntur
1094 3989 1143 4044 sub
1161 3989 1273 4044 seierus
1289 4007 1319 4042 ικ
1337 3989 1480 4050 altitudine
1502 3995 1535 4044 ut
1555 3989 1656 4044 dictum
1678 3995 1720 4044 est
1739 3993 1840 4060 pontes
1858 3989 1902 4044 ob-

240 4063 267 4112 et
292 4073 361 4126 quae
386 4063 468 4112 antee
494 4057 602 4128 quidem
627 4075 684 4112 non
706 4057 835 4128 fueruat,
861 4075 933 4114 nunc
956 4063 1046 4114 eutem
1094 4063 1219 4112 struatur
1249 4075 1314 4114 neue
1341 4057 1404 4114 inde
1435 4075 1471 4112 en
1491 4057 1581 4112 nstior
1607 4059 1659 4120 tint
1688 4057 1851 4128 enprportns
1877 4063 1904 4112 et

240 4131 421 4192 extruuntur,
447 4141 496 4180 nee
519 4141 574 4180 non
596 4127 624 4180 in
646 4125 695 4192 iis,
719 4143 789 4198 quea
809 4127 843 4182 ab
860 4129 923 4208 ipae
941 4127 1046 4196 quidem
1095 4125 1131 4180 bd
1168 4125 1283 4198 publica
1312 4127 1362 4182 aia.
1407 4075 1586 4180 Proil'ibemus
1611 4127 1692 4180 etiem
1717 4125 1808 4180 scales
1830 4125 1902 4194 fieri,

239 4193 307 4248 nibil
323 4193 415 4248 damni
426 4211 531 4266 passae
541 4211 596 4266 per
610 4199 768 4250 uetustatem
782 4197 824 4252 uel
838 4197 920 4252 elram
935 4211 1046 4250 censam
1113 4211 1165 4250 nae
1192 4211 1209 4248 u
1234 4195 1294 4250 solo
1323 4195 1488 4266 anpiportus
1517 4195 1652 4266 incipiant
1676 4199 1704 4250 et
1732 4193 1770 4248 ed
1797 4195 1902 4248 solario

238 4261 346 4316 ruinam
364 4267 518 4328 transerunt,
536 4263 609 4318 utin
627 4263 700 4334 amni
713 4261 792 4318 domo
806 4261 969 4328 annuenda,
988 4263 1046 4332 [si]
1094 4213 1210 4330 δαιακί,
1241 4267 1272 4318 nt
1301 4269 1329 4318 et
1359 4279 1396 4318 ea
1424 4263 1547 4332 firmiore
1577 4267 1716 4318 structure
1748 4267 1776 4316 et
1800 4279 1837 4318 ea
1860 4279 1901 4328 eo,

239 4335 344 4384 centum
361 4329 467 4408 pedum
492 4333 529 4384 sit
552 4331 723 4386 interuallum
750 4349 768 4386 α
796 4331 1046 4388 circumiacentibus
1094 4331 1170 4402 qaod
1195 4331 1300 4386 solerte
1325 4347 1383 4386 nou
1409 4331 1478 4388 adeo
1497 4333 1660 4402 propinque
1685 4329 1737 4398 sibi
1762 4337 1839 4396 sunt,
1865 4331 1901 4384 ί-

239 4399 318 4464 ίοοίς,
342 4415 400 4454 sene
417 4397 607 4470 prohibitione
625 4399 777 4468 aedificium
791 4401 852 4470 liat,
871 4399 993 4472 quamuis
1010 4399 1047 4454 ad
1094 4399 1173 4456 niara
1196 4399 1361 4470 rarioraqne
1382 4399 1510 4454 comdant
1525 4401 1612 4470 (quae
1628 4415 1775 4468 numquam
1797 4399 1902 4454 euenire

239 4467 320 4522 alium
338 4467 504 4538 pertineatis
527 4465 622 4522 domus
640 4475 806 4540 prospectus
828 4471 858 4522 iu
884 4485 959 4522 mare
985 4483 1044 4522 cor·
1094 4469 1253 4540 contineat)
1273 4467 1442 4540 faciliusque
1461 4467 1596 4538 finientur
1616 4467 1757 4540 pericula,
1784 4483 1854 4538 quoe
1876 4477 1902 4522 et

239 4541 273 4588 Ia
306 4541 456 4606 rumpatur.
494 4533 558 4590 Cam
582 4551 645 4592 aero
669 4553 684 4590 e
707 4537 804 4590 culinis
827 4537 894 4592 solis
905 4537 1045 4610 prospici·
1094 4535 1155 4590 urbi
1182 4543 1209 4590 et
1234 4537 1376 4592 domorum
1402 4537 1518 4592 dominis
1540 4553 1577 4592 ea
1602 4535 1733 4590 incendiis
1755 4535 1900 4590 imminent.

240 4609 285 4656 tur
310 4609 359 4658 ant
381 4621 419 4658 ea
445 4603 553 4658 latrinis
579 4609 804 4674 quaerebantur
828 4611 877 4660 aut
897 4603 1045 4660 secessibus
1094 4609 1126 4658 be
1161 4601 1210 4658 Sin
1237 4611 1325 4660 autem
1352 4603 1481 4660 aduersas
1511 4603 1596 4676 lepem
1622 4609 1745 4658 nostram
1771 4603 1901 4658 solarium

239 4671 385 4750 an'inscelis
403 4677 452 4726 aul
467 4671 598 4726 meatibus
616 4671 653 4726 ad
671 4673 863 4728 transeundum
877 4673 1044 4728 solummodo
1091 4673 1146 4742 fiat
1161 4673 1203 4728 uel
1218 4673 1304 4738 scala,
1320 4691 1377 4728 non
1394 4675 1482 4728 solum
1496 4671 1571 4744 qnod
1586 4673 1692 4750 fectum
1706 4677 1748 4726 est
1761 4671 1902 4726 exscinde-¹

239 4739 349 4792 atelebus
374 4745 423 4794 aut
449 4741 554 4804 euciis,
581 4755 651 4810 quoe
673 4741 754 4812 vulpe
779 4739 916 4798 bastarnia
938 4749 1044 4806 occant,
1096 4747 1149 4806 tur,
1173 4759 1263 4796 aanor
1286 4741 1367 4798 etiarn
1389 4741 1495 4798 aedium
1517 4741 1643 4796 daminus
1664 4741 1752 4796 decem
1771 4739 1899 4794 librarum

239 4805 321 4860 liceat
344 4807 373 4860 in
398 4825 473 4864 mare
492 4807 655 4880 prospectui
682 4811 810 4880 afficere,
840 4809 945 4864 etiamsi
970 4809 1045 4864 intre
1094 4809 1157 4862 auri
1179 4809 1291 4864 maltam
1313 4809 1455 4864 sustinebit
1478 4813 1505 4864 et
1526 4807 1689 4882 architectus
1718 4813 1768 4864 aut
1793 4807 1899 4878 erpeia-

239 4879 344 4928 cenlum
358 4875 448 4954 pedes
470 4875 531 4948 quis
553 4875 617 4932 uelit
633 4877 790 4946 aedificare,
815 4877 958 4934 dammodo
977 4879 1044 4932 duc·
1094 4877 1143 4930 bas
1167 4877 1214 4948 qui
1238 4893 1308 4950 opus
1329 4879 1449 4934 instituit
1469 4879 1539 4932 alias
1563 4877 1653 4932 decem
1676 4877 1761 4930 libres
1777 4877 1840 4930 anri
1856 4877 1899 4930 de-

238 4939 270 4996 Io
305 4939 390 4996 deam
407 4943 495 5016 pedes
518 4945 669 5000 intermedii
688 4945 754 5018 sint.
794 4945 939 5002 Sancimus
956 4953 1044 5002 eutem
1090 4945 1205 5014 pendet,
1229 4953 1257 5000 et
1272 4947 1296 5000 si
1314 4945 1415 5018 opifex
1431 4945 1479 5016 aui
1493 4945 1644 5016 fabricauit
1660 4945 1692 5000 ob
1706 4963 1767 5016 pan
1788 4949 1899 5000 ntalem

239 5009 304 5064 leaeo
328 5009 478 5090 obseruari,
502 5011 610 5082 quondo
635 5011 738 5068 nnllam
756 5021 870 5086 pactum
893 5015 1044 5080 interuenit,
1094 5013 1205 5068 multari
1223 5021 1352 5084 nequeat,
1374 5013 1527 5070 uerberibus
1550 5029 1645 5068 caesus
1667 5029 1704 5068 ea
1724 4963 1790 5068 ανόθ
1806 5013 1899 5086 ταμεί-

239 5077 314 5150 ηαοιί
329 5077 480 5156 Ιαειίηίοαυε
501 5081 648 5152 permittit:
671 5087 733 5136 tnnc
751 5083 822 5136 enirn
838 5089 866 5138 et
882 5099 937 5136 non
955 5083 1044 5136 obser·
1094 5085 1110 5136 6
1145 5083 1223 5138 letur.
1266 5083 1311 5136 Ad
1335 5081 1547 5138 nesciebamus
1573 5083 1672 5136 nemini
1702 5083 1782 5136 licere
1805 5079 1899 5152 plures

238 5149 300 5224 aeto
323 5147 467 5224 curtervello
489 5149 571 5204 inam
583 5155 698 5228 pactam
709 5151 895 5222 permittimus
911 5149 1044 5206 extollere
1094 5149 1220 5222 deinceps
1251 5149 1392 5206 columnas
1421 5151 1450 5204 iu
1475 5149 1595 5222 publicis
1615 5149 1771 5222 porticibus
1794 5149 1857 5204 iude
1883 5167 1899 5202 o

239 5215 375 5284 aedificta,
403 5213 466 5268 lecet
486 5217 521 5282 ii,
548 5233 594 5288 qm
618 5225 820 5274 concrescerent
841 5219 884 5276 uei
900 5219 930 5272 in
947 5217 1044 5274 barum
1093 5215 1173 5272 Milia
1191 5217 1266 5290 quod
1289 5227 1402 5274 uocetur
1418 5235 1503 5290 usque
1524 5217 1561 5272 ad
1580 5217 1741 5290 Capitolium
1760 5215 1899 5272 occludere

238 5283 333 5338 domas
356 5289 554 5350 successerant,
579 5285 653 5340 circe
679 5287 765 5340 meris
788 5293 963 5358 prospectum
989 5287 1043 5342 lae·
1093 5285 1215 5340 domibus
1232 5303 1270 5342 ea
1287 5287 1423 5342 asseribus
1439 5287 1527 5342 solum
1542 5287 1705 5342 constructis
1718 5285 1804 5342 alioue
1818 5287 1898 5340 modo

238 5351 348 5416 dantur,
370 5349 588 5422 qnandoquidem
610 5353 685 5420 iura,
708 5371 778 5426 quae
801 5371 838 5410 ea
855 5357 949 5426 pactis
972 5371 1044 5410 com·
1094 5359 1128 5408 ba
1162 5355 1234 5410 inter
1262 5355 1366 5410 medies
1388 5355 1528 5410 columnas
1551 5353 1712 5410 constitutis.
1754 5353 1810 5408 Sed
1829 5353 1897 5408 eius-

238 5425 252 5472 5
266 5425 374 5492 petunt,
383 5433 437 5490 per
450 5419 591 5488 penerales
604 5421 748 5494 lepestolli
759 5425 954 5480 nonconoenit.
974 5423 1044 5478 Item
1093 5421 1167 5478 modi
1190 5423 1286 5478 domus
1307 5439 1364 5478 non
1385 5423 1516 5480 excedere
1539 5421 1707 5476 latitudinem
1727 5437 1785 5476 seco.
1794 5421 1898 5494 pedum

237 5487 385 5554 sanamus,
408 5491 440 5540 ut
461 5485 564 5542 solaria
611 5507 663 5546 uee
686 5491 813 5546 dicuntur
828 5497 895 5562 past
912 5507 1043 5564 praesen·
1093 5505 1152 5544 aum
1173 5491 1336 5562 perietibus
1354 5509 1446 5548 versus
1466 5491 1604 5562 plateam,
1637 5489 1803 5546 altitudinem
1835 5507 1897 5544 aare

239 5563 290 5610 tem
312 5555 397 5626 lepem
420 5569 476 5634 non
498 5569 536 5608 eoo
558 5505 626 5612 εολίε
649 5559 732 5630 lipuis
747 5565 782 5614 ‘el
807 5557 943 5638 asseribus
963 5559 1042 5628 sient,
1087 5557 1191 5680 pedum
1212 5565 1329 5682 septem:
1352 5559 1505 5616 omnimodo
1528 5563 1617 5636 antem
1634 5575 1688 5630 per
1705 5563 1835 5630 quattuor
1853 5575 1898 5614 eo·

237 5623 286 5678 sed
301 5639 500 5680 romanensium
518 5637 588 5690 quae
603 5633 736 5680 uocantur
752 5643 841 5698 specle
858 5627 1043 5752 aedpficentur,
1103 5643 1199 5682 amnas
1216 5627 1234 5680 ίι
1253 5645 1328 5682 anm
1346 5629 1449 5684 aditum
1466 5645 1484 5682 e
1496 5623 1651 5698 poracrbas
1668 5625 1705 5682 ed
1716 5627 1839 5698 plateam
1856 5643 1898 5682 re·

238 5691 327 5746 decem
345 5697 433 5746 autem
444 5689 547 5764 pedum
564 5689 735 5750 interuallum
757 5697 794 5750 sit
810 5695 882 5752 inter
916 5713 952 5750 uo
970 5703 1043 5750 sala·
1093 5695 1125 5750 bb
1160 5695 1253 5768 linqui.
1289 5695 1435 5752 Enornam'
1457 5695 1537 5752 etiem
1553 5693 1685 5750 eiusmodi
1703 5695 1827 5764 aedificia
1842 5695 1899 5750 sim

238 5765 273 5814 bu
301 5761 345 5814 ria
361 5761 473 5816 inuicem
490 5757 540 5814 sibi
558 5761 694 5830 opposita.
724 5761 805 5830 Quod
818 5765 843 5818 si
854 5769 973 5836 propter
989 5763 1044 5818 laci
1094 5763 1220 5818 tabernas
1241 5765 1422 5836 marmoribus
1439 5763 1620 5830 exclusum,
1644 5771 1676 5818 ut
1691 5769 1719 5818 el
1734 5761 1827 5818 decori
1843 5765 1898 5818 sint

239 5829 391 5900 anqustiom
405 5827 469 5896 fieri
485 5845 540 5884 nan
552 5827 658 5898 possit,
683 5829 786 5886 alterne
808 5831 912 5886 solaria
934 5837 1042 5886 straena
1093 5835 1125 5886 6ο
1166 5831 1229 5886 urbi
1259 5839 1288 5886 et
1318 5833 1512 5888 oblectamenta
1538 5831 1780 5902 praetereuntibus.
1823 5829 1897 5896 Quae
