4258 6258
232 363 413 432 Αυυιεατιε
459 373 460 376 “

232 541 284 598 tale
306 527 443 586 hominum
464 523 641 582 infortunium
663 529 742 584 etiarn
764 539 942 598 expensarum
959 523 1040 578 detri-

233 607 319 668 mento
349 597 548 664 praegravetur.
596 595 629 652 D.
662 597 688 652 lc.
719 597 774 654 Oet.
804 591 1042 664 constantinopol·

233 679 300 736 pann
323 661 386 720 adio
404 667 431 716 et
450 659 598 720 Oresteae.
618 681 654 720 cc.
674 683 762 722 conss.
920 661 958 730 [a.
978 659 1040 730 530]

266 685 366 800 29p1‘0
385 725 464 782 airis
484 731 611 800 Ιάασιλεῦς
631 731 768 798 Ἰουλιανρῖ
790 727 897 804 ἐπάρχῳ
922 747 1040 798 πραιτω·

233 819 306 886 ρίων.
342 801 511 868 δεσπόζομεν
527 799 631 870 μηδένα
653 805 711 854 τῶν
730 797 937 866 εὐλαβεστάτων
954 795 1040 868 κληρι-

233 883 288 938 noir
305 869 357 922 εἴτε
381 865 456 936 παρά
472 887 545 922 τινος
568 869 665 940 συγκλη
684 869 740 922 ικοῦ
758 867 811 920 εἴτε
829 865 902 940 παρὰ
920 867 978 918 τῶν
996 885 1040 918 κα·

233 943 369 1006 (θεμένων
395 933 498 988 laruae
525 955 598 990 τινος
628 889 711 988 εὐθὺς
741 941 786 988 καί
818 939 847 988 ἐκ
875 931 985 1008 πρώτης
1011 937 1041 986 ἐν

234 1007 345 1070 αἰτιάσει
368 1005 498 1074 γίνεσθαι
524 1003 598 1072 παρὰ
621 1009 676 1056 τοῖς
702 1003 918 1076 μακαριωτάτοις
946 1019 1041 1074 πατρι-

232 1085 321 1148 &oquae
342 1067 496 1138 διοικήσεως
517 1069 641 1138 ἑκάστης,
665 1065 732 1124 ἀλλὰ
755 1075 867 1144 πρῶτον
890 1069 959 1126 κατά
982 1069 1042 1124 τοὺς

233 1135 314 1224 tignis
330 1137 448 1208 θεσμοὺς
466 1135 539 1208 παρά
556 1141 596 1206 τῷ
615 1141 660 1192 τ”ς
678 1137 781 1194 πόλεως
798 1137 948 1208 inuenietur,
971 1137 1038 1192 καθ’

232 1219 264 1288 ἢν
287 1207 300 1266 ὁ
322 1205 442 1280 κληρικῦς
464 1205 563 1278 διάγει·
587 1207 611 1260 εἰ
631 1159 662 1260 δέ
677 1203 807 1264 ὑπόπτως
824 1211 876 1276 έχευ
893 1207 960 1282 πρὸς
977 1209 1040 1260 ἐκεῖ·

232 1303 285 1348 νου,
304 1273 378 1348 παρὰ
395 1275 500 1356 ceptris
514 1273 704 1348 μητροπόλεως
719 1275 858 1344 ἐπυσκόπφ
867 1279 948 1330 τοῦτο
958 1273 1040 1348 πράτ-

232 1365 299 1408 τειν’
326 1345 349 1396 ei
375 1339 405 1396 δέ
429 1359 465 1396 ως
491 1341 558 1396 εἰκὸς
583 1341 660 1398 υῦδέ2
686 1343 720 1398 τά
743 1343 804 1398 κατ’
829 1349 930 1400 ἐκεῖνον
958 1343 1041 1398 αὐτὸν

231 1421 347 1478 ἀρέσκοι,
370 1413 518 1478 τηνικαῦτα
540 1431 562 1466 π
579 1411 606 1466 ὸς
629 1411 679 1480 τήν
696 1411 779 1486 εὐαγῆ
797 1411 912 1468 σύνοδον
928 1413 979 1482 τὴν
996 1417 1042 1480 τῆς

231 1471 318 1560 piique
347 1477 422 1534 άειν
449 1473 531 1534 eicie
562 1431 766 1550 δικασόμενονθ,
800 1485 886 1558 τριῶν
914 1479 970 1552 άμα
999 1483 1039 1550 τῷ

231 1569 337 1630 puppam
353 1501 413 1622 ,δίκη
437 1547 608 1602 συνιόντων1
631 1549 857 1622 θεοφιλεστάτων
882 1549 1041 1606 ἐπισκόπων

232 1627 288 1682 τῶν
309 1615 378 1672 κατὰ
402 1615 453 1682 τήν
478 1617 555 1678 τάξιν
578 1621 624 1686 τῆς
650 1627 815 1692 χειροτονίας
842 1619 1041 1694 πρωτευόντων

233 1697 276 1748 καὶ
297 1685 347 1754 τήν
365 1683 443 1752 δίκην
461 1687 491 1738 ἐν
513 1685 588 1750 τάξει
610 1689 655 1756 τῆς
678 1685 741 1756 όλης
764 1687 877 1742 συνόδου
900 1689 1040 1752 κατεξετα·

235 1771 245 1818 1
290 1755 403 1822 ζόντων.
452 1757 507 1804 Καὶ
537 1755 561 1808 εἰ
586 1757 637 1826 μέν
662 1759 807 1828 στερχθείη
833 1757 867 1810 τά
893 1763 1041 1828 κεκριμένα,

233 1837 248 1888 2
281 1819 642 1898 αραγμάτυονάπηλλάχθαι.
668 1827 704 1878 Εἰ
716 1823 747 1878 δέ
756 1827 864 1894 οἰηθείη
874 1823 1041 1896 βεβλάφθαι,

233 1895 377 1964 τηνικαῦτα
391 1889 582 1946 ἐπικαλεῖσθαι
595 1891 643 1946 τόν
655 1893 866 1968 μακαριώτατον
875 1891 1042 1966 πατριάρχην

233 1969 276 2034 τῆς
299 1957 453 2026 διοικήσεως
474 1963 588 2026 ἐκείνης,
611 1967 656 2030 καὶ
678 1967 734 2016 τοῖς
757 1959 825 2036 παρ’
851 1957 933 2014 αὐτοῦ
956 1981 1041 2034 κρινο-

233 2037 318 2090 κένοις
335 2025 446 2084 πάντως
463 2029 495 2098 ἐμ
524 2033 594 2098 ἐιν,
615 2027 715 2084 ιόσανεὶ
733 2033 826 2098 έτυχυν
844 2031 873 2094 ἐξ
896 2025 975 2102 άρχής
998 2025 1041 2080 αῦ-

233 2111 246 2158 3
280 2097 324 2152 τὸς
341 2091 471 2170 ᾑρημένος
506 2099 622 2164 ικαστής.
657 2097 737 2152 Κατὰ
753 2099 804 2174 γάρ
827 2097 859 2168 δή
875 2101 935 2152 τῶν
956 2093 1041 2152 nasei·

232 2189 288 2226 των
305 2167 490 2220 έπισκοπικιῦν
504 2161 670 2238 ἀποφάσεων
684 2167 731 2220 οῦκ
744 2167 813 2220 εἶναι
821 2167 914 2234 χυόοαν
924 2165 1041 2234 ἐκκλήτῳ

232 2245 248 2294 4
280 2239 335 2290 τοῖς
351 2233 404 2324 πρὸ
422 2227 501 2302 ήμῶν
517 2235 741 2306 νενομοθέτηται.
779 2239 827 2290 Τοῦ
848 2217 929 2290 edrai
945 2235 1042 2290 τοῦτον

233 2303 430 2380 φυλαττομενου
458 2307 502 2356 καὶ
531 2305 607 2376 εἴπερ
630 2307 776 2358 ἐπίσκοπος
804 2301 819 2358 ό
842 2305 978 2376 μεμφθεὶς
1002 2305 1041 2370 εἴη

233 2377 284 2430 εἴτε
307 2371 381 2454 παρά
401 2389 474 2424 τινος
497 2373 555 2426 τῶν
572 2371 747 2442 καλουμένων
764 2371 867 2428 λαῖκιῦν
890 2373 944 2426 εἴτε
967 2371 1041 2446 παρά

228 2455 302 2498 ’τινος
326 2459 387 2494 των
413 2439 636 2512 θεοφιλεστάτων
662 2441 796 2516 κληρικεῦν
823 2443 876 2494 εἴτε
901 2447 946 2494 καὶ
973 2437 1039 2512 παρ’

233 2519 246 2566 5
281 2509 370 2580 ἑτέρου
388 2527 460 2562 τινος
476 2509 622 2580 θεοφιλοῦς
639 2509 796 2566 ἐπισκόπου.
836 2509 869 2564 Τό
891 2509 941 2584 γάρ
959 2507 1041 2564 εὐθὺς

232 2579 276 2634 τὰς
291 2571 418 2632 αἰτιάσευς
426 2573 617 2632 ἀποτίθεσθαι
631 2577 705 2650 παρὰ
714 2585 769 2632 τοῖς
779 2575 938 2654 ἁγιωτάτοις
947 2599 1040 2650 πατρι-

232 2647 321 2724 άρχαις
343 2649 388 2698 καὶ
411 2643 472 2698 τοῦς
496 2647 669 2716 αἰτιωμένους
698 2649 735 2702 εἰς
764 2649 861 2722 ἑτέραν
883 2643 1041 2720 ἀπάγεσθαι

233 2717 321 2790 χάραν
342 2713 483 2770 παντελῶς
506 2711 719 2790 άπαγορεόομεν,
735 2715 816 2786 ,πλὴν
833 2719 857 2770 εἰ
878 2713 916 2786 μὴ
932 2713 984 2782 τήν
1002 2719 1041 2768 αῖ-

231 2789 320 2838 τίασίν
337 2799 378 2836 τις
395 2785 440 2836 ἐπὶ
456 2779 545 2850 τούτῳ
564 2785 640 2852 θείη,
665 2781 705 2856 ἐφ’
726 2785 780 2852 τότε
803 2785 1041 2860 παραπεμφθήναι

232 2851 280 2920 τήν
290 2845 428 2904 ὑπόδεσιν
442 2853 481 2918 τῷ
500 2853 545 2918 τῆς
562 2851 651 2926 χιόρας
665 2851 873 2926 θεοφιλεστάτη]
887 2849 1041 2920 aaronica·

232 2921 378 2988 τηνικαῦτα
400 2917 451 2992 γάρ
473 2917 551 2972 άδεια
573 2925 625 2992 μέν
641 2923 720 2974 ἔσται
741 2921 792 2990 τήν
809 2923 930 2974 airiacum
948 2915 1040 2976 duoet-

221 2989 338 3062 θεσθαι
363 2993 408 3040 καί
435 2987 511 3060 παρά
531 2995 587 3044 τοῖς
609 2989 832 3062 θεοφιλεστάτους
857 2985 1040 3076 πατριάρχαις,

230 3053 374 3130 γράμματα
399 3055 431 3110 δέ
453 3057 583 3130 γίνεσθαι
605 3057 671 3130 πρός
692 3079 757 3112 τινα
785 3061 844 3112 τῶν
865 3077 934 3112 κατα
953 3057 1041 3112 τόπον

231 3121 452 3196 θεοφιλερτάτων
469 3121 636 3192 ἐπισκόπων,
660 3121 732 3180 aiore
750 3123 834 3182 adria
851 3123 1041 3202 ἀκροάσασθαι

231 3197 276 3262 τής
297 3191 455 3246 ὑποθέσεως
478 3193 546 3246 κατά
563 3193 612 3250 τὸν
629 3195 789 3268 ἔμπροσθεν
805 3191 853 3268 ὑφ’
873 3191 951 3264 ήμῶν
975 3189 1040 3262 ῦπη·

242 3309 318 3316 ...ψ

231 3365 261 3430 (1)
278 3385 298 3416 c·
317 3373 343 3416 19
363 3373 430 3416 aetat
446 3365 471 3416 in
493 3365 554 3416 Gall.
572 3375 594 3416 et
611 3377 710 3430 accepta
728 3373 740 3426 i
760 3377 784 3418 ta
803 3367 828 3418 iu
846 3365 945 3418 Nemee·
1033 3365 1067 3428 (2)
1085 3359 1147 3416 οῦτε
1166 3367 1224 3418 libri
1307 3367 1340 3430 (3)
1358 3361 1536 3434 δικαζόμενον
1556 3365 1617 3422 coll.

1042 335 1085 406 45

1842 341 1899 404 Ia

1091 529 1161 594 6(1)
1201 527 1361 598 γυρευμένυν
1388 525 1500 600 τρόπον.
1544 521 1580 582 Oi
1607 523 1660 596 μὴν
1686 519 1775 592 τούτῳ
1805 519 1899 578 ἄδειαν

1091 601 1218 670 παρέχειν
1245 595 1301 644 τοῖς
1328 591 1531 664 εῦλαβεστάτους
1560 595 1690 670 κληρικοῖς
1711 599 1832 646 κατιέναι
1856 597 1900 644 καί

1091 659 1205 738 άμετρίρ
1235 661 1293 714 τῶν
1324 661 1497 734 καλουμένων
1532 659 1707 738 σπορτοόλων
1742 659 1803 716 τοῦς
1835 657 1900 716 irco·

1089 733 1319 802 μιμνησκομένους
1341 733 1505 804 έπιτρίβευν,
1528 729 1624 788 ὁποῖον
1647 729 1681 800 δή
1702 751 1729 784 τι
1751 735 1828 802 μέχρι
1850 733 1901 784 νῦν

1091 805 1104 854 l
1147 795 1353 872 άμαρτάνεσθαι
1402 797 1587 870 εμαθήκαμεν.
1628 797 1688 874 Ἐφ’
1720 795 1824 866 ἑκάστω
1850 797 1900 870 γάρ

1091 865 1233 940 πρυσοόπιρ
1256 865 1314 918 τῶν
1337 819 1510 934 καλόυμένων
1533 867 1563 922 ai
1588 875 1737 944 περαιτέρω
1762 869 1807 934 τῆς
1825 869 1901 932 ἕκτης

1091 937 1140 988 τοῦ
1163 943 1325 1006 νομίσματος
1346 937 1440 1006 μοίρας
1466 935 1536 988 κατὰ
1563 937 1701 1012 πρόφασιν
1724 931 1901 1012 σπορτοόλων

1091 1003 1222 1060 δίδοσθαι
1239 1005 1427 1076 συγχωροῦμεν
1444 1007 1499 1054 τοῖς
1516 1005 1590 1076 παρά
1607 1009 1665 1060 τῶν
1677 1003 1900 1080 θεοφιλεστάτων

1091 1073 1267 1148 πατριαρχυδν
1284 1075 1329 1124 καί
1346 1069 1555 1144 μητροπολιτυῦν
1574 1075 1763 1144 στελλομένοις,
1787 1069 1803 1142 ή
1826 1075 1900 1162 εἴπερ

1091 1145 1235 1198 ἐπίσκοπος
1259 1141 1297 1208 εἴη
1319 1133 1333 1192 ὁ
1355 1139 1515 1210 μεμφθείςθ,
1538 1137 1597 1212 άχρι
1614 1145 1791 1214 νομισμάτων
1808 1143 1836 1208 ἒξ
1853 1145 1886 1214 ἐφ

1090 1205 1140 1282 ὅση
1158 1207 1257 1276 δήποτε
1275 1207 1405 1276 ποσότητι
1422 1211 1467 1262 καί
1484 1205 1629 1274 σι’ᾳδήποτε
1644 1213 1719 1280 αἰτίη
1732 1213 1900 1288 παρέχεσθαι

1091 1285 1105 1334 8
1140 1279 1225 1348 μόνον
1247 1281 1290 1330 καί
1316 1275 1398 1330 πλέον
1421 1275 1516 1330 τούτου
1532 1273 1629 1344 μηδέν.
1676 1279 1776 1336 Ταῦτοῦ
1805 1277 1900 1336 τοῦτου

1091 1347 1251 1420 κρατοῦντος
1274 1351 1318 1398 καὶ
1349 1347 1395 1398 ἐπὶ
1418 1345 1475 1398 cair
1496 1343 1716 1416 μητροπολιτιῖιν,
1742 1345 1810 1402 όταν
1831 1345 1898 1420 παρ’

1093 1413 1182 1468 αὐτοῖς
1208 1411 1355 1482 άποτεθείη
1382 1431 1421 1468 τις
1448 1413 1562 1466 αἰτίασις
1588 1411 1750 1468 κατάτυνος
1772 1419 1832 1470 τιῦν
1849 1413 1898 1472 ὑπ’

1091 1481 1186 1538 αῦτοῦς
1204 1481 1359 1536 ἐπισκόπων
1378 1477 1394 1548 ἢ
1411 1483 1470 1534 τῶν
1486 1483 1532 1548 τῆς
1553 1483 1589 1534 ἐπ
1623 1485 1680 1546 χίας
1697 1485 1797 1552 ἐκείνης
1814 1485 1899 1558 κληρι-

1090 1553 1156 1606 usiam
1191 1551 1215 1602 εἰ
1230 1549 1281 1624 γάρ
1299 1553 1344 1604 ἐπὶ
1360 1553 1419 1604 τῶν
1437 1547 1584 1606 πολιτικῶν
1619 1551 1686 1606 enain
1709 1551 1845 1606 συστεῖλαι
1868 1551 1901 1606 τό

1091 1623 1149 1674 τῶν
1172 1615 1348 1692 σπορτοόλων
1365 1623 1409 1672 καὶ
1433 1615 1637 1690 δαπανημάτων
1655 1621 1754 1692 μέτρον
1772 1621 1900 1672 ἐσπεόσα-

1091 1709 1141 1758 μεν
1167 1691 1212 1738 καί
1236 1689 1317 1740 τοῦτο
1343 1687 1496 1756 νομοθεσίᾳ
1520 1683 1692 1760 παραδοῦναι
1718 1685 1900 1756 συνείδομενῧ,

1091 1753 1183 1824 πολλῷ
1201 1753 1302 1824 μᾶλλον
1321 1757 1365 1810 έπί
1385 1759 1443 1810 τεόν
1461 1753 1687 1822 ἐκκλησιαστικιῦν
1703 1759 1835 1828 μέμψεων
1851 1755 1902 1822 τὴν

1091 1831 1107 1882 9
1131 1829 1167 1892 (2)
1207 1831 1371 1898 συμμετρίαν
1400 1819 1587 1894 φυλάττεσθαι
1614 1823 1824 1894 νομοθετοῦμεν.
1867 1825 1902 1876 Εἰ

1091 1897 1185 1964 μέντοι
1217 1893 1464 1964 παραπεμφθείσης
1493 1893 1539 1960 τῆς
1569 1887 1729 1946 ὑποθέσεως
1754 1891 1829 1966 παρὰ
1853 1893 1902 1944 τοῦ

1091 1959 1304 2032 θεοφιλεστάτου
1322 1959 1485 2036 πατριάρχου
1504 1959 1520 2028 ή
1537 1981 1590 2014 τινι
1607 1963 1666 2014 τῶν
1678 1959 1902 2032 θεοφιλεστάτων

1091 2029 1301 2104 μητροπολιτιδν
1319 2027 1335 2098 ἢ
1352 2029 1423 2098 άλλφ
1440 2031 1499 2082 τῶν
1509 2027 1731 2102 θεοφιλεστάτων
1744 2029 1902 2084 ἐπισκόπων

1092 2101 1215 2164 ἐνεχθείη
1233 2101 1322 2186 φῆφυς
1339 2103 1384 2150 καὶ
1400 2097 1437 2168 μή
1455 2099 1597 2170 στερχθείη
1622 2095 1696 2172 παρά
1714 2099 1834 2170 θατέρου
1856 2101 1901 2166 με’-

1092 2185 1152 2240 ρους
1175 2163 1298 2234 έκκλητος
1319 2187 1350 2220 τε
1372 2173 1496 2240 γένηται,
1519 2167 1668 2252 τηνικαῦτα
1691 2169 1736 2222 ἐπὶ
1760 2165 1808 2218 τὸν
1829 2163 1901 2240 ἀρχι-

1091 2233 1216 2310 ερατικδν
1238 2231 1344 2308 θρόνον
1367 2235 1502 2310 φέρεσθαι
1524 2255 1575 2302 την
1598 2235 1691 2322 έφεσυν
1712 2231 1815 2288 κάκεῖσε
1832 2233 1902 2288 κατὰ

1093 2311 1123 2360 10
1142 2307 1178 2370 (3)
1197 2301 1228 2358 τὸ
1244 2309 1320 2378 μέχρι
1337 2305 1389 2358 νῦν
1406 2305 1521 2394 κρατοῦν
1543 2303 1727 2370 ἐξετάζεσθαι.
1762 2305 1797 2356 Ei
1815 2301 1846 2356 δέ
1862 2321 1902 2356 τις

1091 2369 1230 2442 τολμήσειε
1253 2369 1328 2446 παρὰ
1349 2375 1434 2428 ταῦτα
1450 2393 1478 2424 τι
1495 2373 1603 2444 πρᾶξαι,
1624 2369 1760 2426 άναδιόσευ
1777 2373 1827 2442 μέν
1844 2373 1901 2426 πᾶν

1091 2437 1156 2494 ὅσον
1174 2439 1265 2512 εἴληφε
1288 2443 1329 2508 τῷ
1347 2437 1569 2516 ῦπερπραχθέντι
1587 2437 1738 2506 διπλάσιον,
1759 2437 1901 2514 γενήσεται

1091 2509 1121 2564 δέ
1139 2531 1184 2564 και
1200 2529 1252 2566 οπο
1272 2507 1491 2578 εκκλησιαστικδν
1512 2513 1647 2580 ἐπιτίμιον
1666 2509 1740 2578 παρὰ
1762 2511 1809 2562 τοῦ
1833 2505 1902 2562 κατὰ

1091 2577 1188 2654 καιρόν
1208 2575 1225 2632 ά
1243 2575 1359 2632 ιωτάτου
1384 2575 1548 2652 πατριάρχου
1569 2575 1586 2646 ii
1610 2581 1657 2632 τοῦ
1686 2575 1901 2650 θεοφιλεστάτου

1090 2599 1296 2722 μητροποθτθυ,
1319 2649 1378 2702 τεόν
1400 2645 1628 2712 ἐκκλησιαστικαῖς]
1646 2643 1839 2716 ἐκβαλλόμενος
1855 2665 1903 2698 κα..

1094 2723 1122 2772 11
1143 2719 1178 2782 (4)
1200 2713 1332 2798 ταλόγων.
1377 2715 1426 2770 Τάς
1443 2713 1474 2770 δέ
1490 2713 1625 2782 uictricem,
1649 2719 1671 2770 ei
1689 2719 1740 2786 μέν
1757 2717 1794 2770 εἰς
1812 2713 1900 2782 ἐκκλη·

1091 2783 1231 2852 σιαστικήν
1253 2781 1326 2856 ορρλη
1349 2785 1382 2838 τὸ
1406 2785 1517 2860 πρᾶγμα
1539 2781 1714 2848 κατάστασιν,
1738 2785 1767 2848 ἒξ
1787 2779 1902 2856 ἀνάγκης

1092 2851 1167 2926 παρὰ
1193 2851 1284 2920 μόνοις
1312 2855 1441 2926 γίνεσθαι
1470 2857 1525 2908 τοῖς
1552 2851 1770 2926 θεοφιλεστάτους
1797 2851 1901 2908 ἐπισκό-

1092 2939 1152 2976 ποις
1175 2917 1191 2986 ή
1213 2921 1420 2994 μητροπολίταυς
1444 2915 1459 2988 iq
1482 2919 1557 2994 παρὰ
1579 2925 1637 2974 ταῖς
1656 2917 1761 2994 salapiae
1781 2917 1902 2974 συνόδους

1091 2985 1108 3058 ἢ
1130 2993 1186 3042 τοῖς
1209 2985 1430 3060 θεοφιλεστάτους
1453 2987 1630 3064 πατριάρχαις
1646 2987 1800 3058 κελεόομεν·
1828 2989 1852 3040 εἰ
1872 2985 1902 3042 δὲ

1092 3055 1217 3112 πολιτικά
1233 3055 1267 3110 τά
1284 3061 1343 3112 acin
1361 3055 1590 3130 ἀμφισβητήσεων
1607 3059 1655 3124 εἴη,
1679 3055 1788 3112 ἑκόντας
1806 3053 1902 3110 adroic

1091 3123 1138 3180 τάς
1148 3123 1275 3180 τοιαύτας
1284 3123 1405 3194 ζητήσεις
1418 3125 1493 3198 παρά
1507 3131 1562 3180 τοῖς
1570 3129 1716 3200 εἰρημένοις
1724 3121 1901 3196 θεοφιλεστά-

1091 3211 1148 3248 τους
1170 3193 1326 3250 έπισκόποις
1347 3197 1511 3268 προτιθέναι
1535 3197 1729 3268 συγχωροῦμεν,
1753 3193 1854 3248 ἄκοντα
1872 3191 1902 3244 δὲ

1710 3367 1742 3432 (4)
1760 3361 1902 3418 συνόντων

232 3433 330 3486 Nomos.
399 3433 432 3496 (5)
450 3431 588 3502 πεμφθείς
604 3433 704 3484 Nomou.
725 3451 776 3484 εκυι
797 3433 877 3486 Consi.
947 3433 981 3498 (6)
998 3443 1020 3498 3,
1037 3445 1090 3498 2,4

265 3631 303 3694 29
322 3631 398 3690 Idem
416 3633 446 3690 Α.
465 3627 576 3690 Iuliano
589 3653 640 3708 pp.
683 3635 834 3700 donamus,
852 3639 884 3690 ut
899 3651 977 3688 nemo
995 3633 1040 3688 de-

231 3703 429 3760 votissimorum
451 3703 611 3760 elericorum
632 3703 689 3760 siue
713 3703 847 3760 aeleriao
865 3703 921 3758 siae
938 3721 955 3756 ο
974 3719 1039 3772 qua-

248 3789 310 3828 ucm
333 3771 466 3826 laicorum
508 3771 537 3826 ui
561 3773 688 3828 dicuntur
707 3773 800 3828 statim
818 3773 852 3826 alt
869 3771 948 3826 initio
966 3769 1041 3844 apud

230 3791 396 3898 lenissimos
418 3789 588 3922 sinquqlarum
610 3841 771 3898 dioecesium
791 3837 972 3914 patriarchas
995 3855 1040 3892 αε-

231 3915 345 3976 cusetur,
362 3907 411 3964 sed
422 3925 543 3988 primum
560 3909 707 3964 secundum
724 3925 820 3964 sacras
833 3925 953 3964 eumenes
966 3907 1041 3980 opud

230 3979 384 4050 episcopum
411 3977 543 4042 mutatis,
569 3979 597 4032 in
617 3995 678 4102 bqua
703 3977 818 4034 clericus
843 3981 1041 4054 commoratur:

231 4063 308 4116 quem
338 4045 363 4100 si
393 4051 546 4118 suspectum
579 4045 615 4102 lta
632 4051 672 4112 et,
702 4045 778 4120 apud
802 4045 1041 4118 metropolitanum

230 4115 385 4188 episcopum
407 4113 459 4168 lzoc
473 4115 578 4186 faciat:
599 4117 642 4170 sin
660 4121 763 4182 autem,
785 4119 818 4170 ut
828 4115 873 4196 fit,
892 4131 926 4168 ue
942 4113 972 4192 iq
989 4111 1041 4192 lieo

230 4183 336 4254 quidem
359 4183 522 4254 adquiescit,
548 4189 603 4238 tum
623 4183 661 4240 ed
682 4201 790 4240 sacrum
809 4201 867 4240 erres
878 4197 1041 4254 prouinciae

232 4251 372 4306 concilium
394 4267 470 4306 reum
493 4249 667 4308 iudicandum
686 4251 786 4320 trudat,
811 4257 843 4306 ut
860 4255 915 4306 tres
931 4249 1040 4322 relipe'a·

230 4319 327 4376 sissind
347 4319 483 4392 episcopi,
506 4321 716 4390 quiescendum
737 4327 842 4394 tempus
859 4319 1041 4376 ordinationis

227 4393 384 4456 praestant,
408 4405 468 4444 cum
491 4389 666 4462 metropolita
689 4391 852 4446 conueniunt
872 4393 900 4444 et
923 4387 995 4442 litem
1011 4387 1040 4440 in

233 4459 243 4506 1
273 4455 359 4528 plena
382 4457 483 4528 spnodi
500 4473 627 4512 consessu
648 4457 802 4514 diiudicent.
838 4459 877 4514 Ac
894 4455 919 4510 si
935 4461 1040 4510 senten-

231 4527 245 4576 2
281 4525 320 4580 tia
330 4523 479 4598 placuerit,
503 4525 647 4598 uneqatia
671 4525 834 4582 discedatur.
872 4523 921 4578 Sin
939 4525 1039 4580 laesum

230 4607 258 4646 se
279 4609 336 4648 esse
351 4599 448 4666 putat,
476 4599 531 4648 tum
554 4593 735 4650 beatissimum
752 4595 827 4648 illius
844 4593 975 4650 dioecesis
985 4609 1039 4664 pa·

191 4699 192 4704 .
231 4661 378 4722 triorchem
403 4663 536 4734 appellet,
560 4663 637 4718 cuius
657 4663 791 4720 sententie
812 4661 921 4718 omnino
944 4665 1038 4724 stetur,

226 4729 340 4796 perinde
375 4737 457 4802 etque
489 4729 514 4786 si
547 4729 580 4786 al
611 4731 690 4788 initio
722 4729 852 4786 iudicium
882 4729 1038 4802 susceperit.

181 4853 182 4856 ,
231 4799 245 4848 3
281 4795 382 4854 Caetra
405 4797 474 4854 tales
496 4799 567 4854 enim
584 4799 753 4872 episcopales
774 4799 923 4854 sententias
935 4813 1038 4870 proeo-

172 4911 174 4918 ,
230 4867 361 4920 cntionem
395 4867 484 4924 locum
517 4885 573 4922 nan
606 4867 705 4924 italam
740 4887 756 4924 ο
780 4863 1039 4940 praedecessoribus

230 4935 246 4984 4
278 4935 380 4990 nastris
402 4935 578 4990 coustitutum
601 4943 647 4992 est.
683 4935 759 4992 idem
778 4935 869 4992 ualent
884 4939 912 4990 et
927 4933 952 4990 si
969 4933 1038 5006 epis-

230 5015 261 5054 co
280 5017 313 5056 us
337 5009 483 5060 coematur
504 5005 561 5060 siue
584 5023 601 5060 a
624 5005 702 5062 luicis
723 5005 771 5076 qui
788 5003 915 5058 dicuntur
931 5003 987 5058 siae
1004 4999 1037 5054 alr

230 5083 320 5142 aequa
352 5071 404 5128 reli
428 5071 618 5128 'ocissimorum
649 5073 809 5128 clericorum
840 5073 896 5128 siae
921 5071 954 5126 ab
982 5069 1036 5124 alio

230 5139 244 5186 5
278 5155 388 5194 renam
408 5155 424 5194 ο
442 5141 532 5212 episco
554 5157 580 5196 a.
620 5141 747 5198 Vctumus
770 5141 841 5198 enim
866 5141 975 5194 omniuo
993 5153 1037 5192 ac-

230 5207 382 5262 cusationes
416 5207 492 5278 apud
542 5209 692 5266 carissimas
725 5209 906 5282 patriarchas
938 5207 957 5260 d
993 5205 1038 5260 oni

230 5281 424 5348 accusatosque
440 5275 469 5330 in
487 5275 569 5332 aliam
581 5279 755 5350 prouinciam
768 5277 874 5344 abduci,
893 5275 945 5330 misi
957 5225 1038 5348 ῦόκίε

230 5337 288 5396 adea
307 5341 446 5398 accusatio
464 5341 632 5416 deponatur,
657 5355 688 5402 ut
710 5363 795 5402 eausa
812 5347 850 5398 ool
866 5341 1038 5416 relipiosissi-

230 5419 300 5486 atum
323 5411 377 5466 laci
398 5409 555 5482 episcopum
581 5415 782 5488 transferatur:
806 5419 869 5470 tunc
890 5413 959 5468 enim
977 5411 1038 5468 lice·

230 5471 269 5530 int
284 5479 484 5534 accusationem
500 5485 528 5534 ct
542 5483 618 5552 apud
631 5483 851 5556 reliqiasissimos
858 5479 1038 5554 patriarolms

230 5539 336 5622 dcponi,
362 5547 468 5602 litteras
493 5563 557 5602 aero
583 5551 717 5622 componi¹
736 5551 774 5606 ud
789 5551 906 5622 aliquem
928 5547 1038 5620 reliplo·

230 5613 394 5670 essenorum
421 5613 474 5668 loci
497 5615 700 5686 episcoporum,
724 5625 756 5674 ut
776 5619 801 5674 is
818 5633 929 5674 eausam
945 5633 1037 5672 secun·

230 5679 245 5728 6
278 5679 341 5736 dum
355 5683 464 5738 modum
478 5687 559 5738 anteo
574 5699 592 5736 a
606 5685 684 5740 neiis
698 5687 838 5756 definitum
851 5683 954 5742 audiet.
981 5683 1038 5738 Nec

231 5749 317 5804 tumen
340 5751 366 5806 ei
383 5751 508 5830 permitti
530 5749 568 5804 ed
590 5749 775 5810 deuotissimos
798 5755 912 5810 clericos
928 5769 957 5808 se
974 5767 1037 5806 con-

1091 3631 1235 3706 adfliqere,
1265 3635 1489 3706 quemadmodum
1520 3635 1646 3690 nimirum
1677 3635 1767 3692 σάλου
1786 3637 1902 3708 peccari

1091 3707 1104 3756 1
1142 3703 1323 3776 aequanimus.
1364 3703 1423 3762 ero
1446 3703 1562 3776 sinqulis
1584 3703 1654 3760 euim
1672 3705 1818 3760 citatarum
1832 3723 1900 3778 per-

1090 3771 1166 3826 sonis
1190 3787 1245 3826 nan
1261 3789 1346 3854 supra
1370 3779 1476 3830 seatium
1493 3771 1575 3826 solidi
1585 3779 1696 3844 partem
1748 3773 1900 3830 ortulanum

1090 3841 1198 3894 nonime
1215 3841 1338 3898 missura
1361 3841 1574 3922 religiosissimis
1591 3841 1764 3914 patriarcis
1792 3849 1820 3898 et
1847 3859 1899 3898 me-

1091 3907 1230 3980 tropolitis
1251 3909 1314 3964 duri
1330 3909 1524 3982 permittimus,
1547 3909 1596 3976 ael,
1619 3909 1804 3982 siepiseopus
1821 3927 1899 3966 accu-

1089 3981 1167 4032 satus
1189 3983 1237 4042 est,
1260 3995 1293 4034 us
1312 3997 1346 4034 ue
1370 3979 1408 4034 ad
1428 3995 1509 4034 senos
1531 3977 1635 4032 solidos
1652 3989 1710 4050 pro
1730 3995 1900 4050 quocumque

1091 4045 1242 4114 quantitate
1265 3995 1311 4102 υελ
1328 4047 1518 4118 qualicumque
1547 4063 1629 4100 cause
1648 4047 1790 4118 praestari
1813 4063 1901 4118 neque

1091 4117 1106 4166 8
1142 4113 1209 4182 quid
1230 4113 1353 4186 amplius.
1395 4113 1472 4168 Idem
1495 4113 1593 4170 valebit
1614 4113 1643 4168 ire
1669 4115 1900 4186 metropolitis‚si

1091 4197 1146 4252 quc
1169 4181 1245 4252 apud
1265 4199 1312 4238 eos
1335 4181 1473 4238 accusatio
1498 4181 1627 4260 adrasus
1652 4181 1768 4254 aliquem
1796 4183 1899 4256 episco-

1084 4265 1188 4322 porum
1230 4251 1260 4304 ui
1280 4251 1329 4306 sui
1352 4251 1392 4306 eis
1414 4255 1477 4306 suut
1500 4249 1542 4306 ael
1558 4249 1632 4306 allius
1668 4251 1805 4308 rocinciae
1823 4253 1899 4308 cleri-

1091 4333 1185 4372 corum
1208 4267 1376 4392 ieponotur:
1397 4335 1461 4374 nom
1481 4319 1506 4372 si
1530 4319 1559 4372 in
1576 4267 1697 4376 οιύίίιῦυε
1714 4321 1804 4376 cauus
1820 4339 1899 4394 sper-

1092 4387 1209 4440 talarum
1225 4405 1284 4442 sum
1307 4393 1432 4460 tuumque
1448 4387 1557 4442 modum
1573 4387 1734 4444 contradere
1755 4389 1899 4460 festinaui-

1090 4471 1149 4508 mus
1172 4453 1255 4534 idque
1280 4405 1339 4578 (λιφε
1364 4455 1589 4536 comprehendere
1617 4457 1783 4522 curavimus,
1813 4459 1898 4514 medlo

1089 4523 1177 4594 muqis
1199 4539 1229 4576 en
1255 4525 1443 4580 accedastiors
1466 4525 1683 4580 mansilionibus
1704 4525 1813 4582 modum
1841 4543 1898 4582 ser-

1090 4597 1104 4644 9
1140 4591 1200 4648 κατ’
1222 4593 1364 4648 sancimus.
1405 4591 1485 4660 Quod
1506 4593 1531 4648 si
1553 4609 1636 4648 causa
1658 4595 1897 4666 areliqiosissimo

1088 4659 1249 4732 patriarcha
1274 4661 1311 4716 ud
1334 4661 1451 4734 aliquem
1477 4661 1742 4742 reliqiasissimorum
1762 4669 1897 4736 metropa-

1090 4729 1200 4784 literum
1231 4729 1272 4786 cel
1300 4729 1383 4786 alium
1414 4729 1679 4802 reliqiosessimorum
1707 4729 1898 4804 episcoporum

1089 4797 1180 4852 delata
1196 4799 1329 4854 sententio
1343 4801 1464 4870 feratur,
1481 4815 1538 4852 uno
1555 4803 1644 4854 autem
1656 4815 1729 4870 pars
1745 4799 1775 4852 in
1792 4817 1824 4854 ea
1841 4817 1898 4854 non

1088 4867 1260 4936 adquiescat,
1286 4867 1335 4922 sad
1358 4867 1507 4942 appellatio
1535 4867 1740 4940 interponatur,
1772 4875 1827 4922 tum
1860 4867 1898 4922 ad

1088 4933 1346 5058 crediqrisaopalem
1369 4937 1458 4990 sedem
1484 4935 1632 5008 appellatio
1652 4935 1790 5008 diripitur
1807 4935 1897 5006 ibique

1088 5019 1176 5068 secun
1207 5021 1233 5056 m
1256 5003 1287 5058 ud
1311 5005 1386 5128 φασδ
1416 5005 1553 5074 decusque
1579 5005 1695 5060 obtinuit
1726 5003 1896 5058 diiudicetur.

1091 5077 1121 5124 10
1157 5071 1188 5128 Si
1209 5073 1270 5144 quis
1294 5089 1311 5128 a
1331 5089 1424 5128 οπεος
1447 5071 1513 5128 laec
1536 5071 1603 5142 quid
1611 5073 1719 5194 secere
1736 5089 1818 5128 ausus
1835 5071 1896 5134 erit,

1089 5141 1172 5194 totius
1193 5157 1313 5196 summae
1334 5157 1416 5212 quam
1433 5141 1539 5212 accepit
1554 5139 1609 5212 dup
1621 5157 1665 5194 um
1685 5141 1710 5194 ei
1727 5157 1744 5194 a
1762 5157 1815 5212 qua
1828 5139 1897 5218 plus

1088 5209 1183 5280 aceepit
1206 5209 1305 5264 reddat
1335 5215 1363 5266 et
1392 5209 1588 5266 ecclesiastieae
1608 5225 1722 5290 poenae
1747 5209 1897 5284 sulimptur

1089 5293 1107 5330 a
1128 5277 1298 5332 sanctissimo
1314 5295 1372 5350 pro
1397 5283 1516 5350 tempore
1533 5275 1698 5348 patriarcha
1720 5277 1763 5332 uel
1786 5275 1896 5344 reliquo-

1088 5343 1193 5400 sissima
1217 5345 1392 5418 metropolita
1416 5365 1431 5402 e
1453 5345 1613 5400 clericorum
1631 5361 1742 5400 numero
1760 5359 1896 5398 removen-

1091 5417 1119 5464 11
1156 5411 1213 5468 dus.
1248 5415 1441 5470 Αοοαςοίίοαιε
1458 5419 1555 5478 auten,
1579 5415 1604 5468 si
1620 5431 1665 5468 res
1682 5413 1719 5468 ud
1736 5409 1895 5466 eeclesiasti-

1089 5497 1149 5534 cum
1170 5485 1269 5536 statum
1281 5485 1413 5554 pertimet,
1433 5481 1585 5538 necessario
1604 5481 1678 5552 apud
1694 5479 1770 5534 salas
1785 5477 1895 5548 reliqio·

1088 5547 1210 5602 εέεςέυιος
1226 5551 1371 5624 episcopos
1387 5551 1429 5608 nel
1440 5549 1629 5622 metropolitas
1643 5549 1684 5604 ael
1696 5545 1773 5616 apud
1784 5551 1896 5602 sanctas

1088 5615 1209 5686 squados
1234 5619 1275 5674 uel
1296 5617 1514 5692 reliqiosissimos
1531 5613 1709 5696 patriarchas
1734 5613 1797 5692 fieri
1821 5615 1894 5672 iube-

1088 5699 1163 5738 mus:
1185 5685 1211 5740 si
1232 5703 1295 5744 uera
1319 5689 1404 5744 ciuilis
1427 5691 1563 5742 eontentio
1586 5689 1635 5746 est,
1658 5681 1808 5738 volentrbus
1827 5685 1894 5740 tales

1089 5753 1260 5822 quaestiones
1292 5755 1368 5826 apud
1391 5755 1479 5810 dictos
1508 5749 1728 5830 rpliqiosissimas
1744 5751 1894 5830 'episcopas

228 5811 303 5878 terre
326 5823 354 5874 et
377 5819 527 5876 immodicis
548 5819 681 5892 sportulis
704 5839 774 5892 qaae
794 5821 921 5878 dicuntur
939 5821 1038 5876 ataias
1082 5835 1243 5892 proponere
1255 5823 1447 5894 permittimus,
1472 5821 1584 5874 inactum
1611 5833 1665 5872 nan
1687 5833 1815 5890 cepimus,
1834 5839 1892 5876 cum
