4250 6258
236 369 294 434 VII
317 371 439 434 51--53

1035 349 1098 474 illi

1610 369 1656 416 Dii
1677 369 1720 416 RE
1742 367 1904 416 raulcurt

914 453 1218 470 W*

301 567 391 616 χοντεε
425 549 519 614 εἴησαν
551 541 677 610 διηααταί
709 545 762 598 εἴτε
791 543 865 596 θεῖαι
890 539 1042 614 διαιτηταί·

1127 541 1146 600 6
1169 539 1269 620 ²Impp.
1296 539 1439 594 Honorius
1458 543 1492 596 ”ot
1520 541 1687 598 Theodosius
1712 539 1768 594 AA.
1794 537 1903 594 Iuliano

302 621 390 682 ἔχοντα
414 617 464 688 γὰρ
491 619 536 666 καὶ
562 611 634 666 nitor
661 609 823 682 suppanis
848 615 893 664 καί
911 613 1042 668 inermus.
1087 609 1251 686 proconsuli
1269 607 1392 678 Africae.
1430 609 1519 676 Gesta,
1544 627 1612 676 quae
1631 613 1694 664 sunt
1710 607 1905 688 translatabin

236 693 250 742 2
302 687 336 738 lit
359 683 389 736 ii
410 683 447 754 μὴ
469 685 548 736 atico
572 679 678 748 ποιησει
701 679 716 736 ὁ
734 677 873 748 δικαστής,
898 675 976 736 nicio
992 681 1043 750 τὴν
1092 679 1200 750 publica
1218 683 1403 744 monumenta,
1428 679 1527 732 habere
1546 681 1668 734 volumus
1685 681 1842 746 perpetuam
1859 675 1904 728 tr-

302 757 400 822 ζημίαν
418 749 520 818 ταύτην
537 747 714 822 ἀναγκάζεται
731 751 901 820 θεραπεῦσαι
914 751 954 816 τῷ
974 771 1042 804 νενι-

235 827 304 888 3(1)
340 821 433 886 aquira
450 825 531 892 μέρει.
566 815 628 870 Ἐὰν
652 815 684 870 tii
704 837 745 874 vos
768 811 927 890 inuyviperos
944 815 1042 892 tipum·

301 889 391 958 μόνως
412 885 549 944 ἀποδώσει
572 883 588 952 ἢ
613 885 717 958 drayton
740 883 847 958 ἀποστῇ
871 887 917 952 τῆς
935 881 1043 954 litanti]

300 963 345 1012 nai
367 955 381 1012 ri
407 955 531 1022 innatans
548 951 611 1030 εὕρῃ
635 955 719 1010 αὐτὸν
736 957 769 1028 τῇ
787 951 906 1020 ἀληθείᾳ
923 949 981 1020 οὐχί
998 973 1041 1008 σν-

302 1021 446 1110 sopiatque,
470 1021 536 1078 vicilia
557 1029 602 1078 ini
620 1021 762 1096 ἀμφιβόλῳ
781 1019 921 1094 πράγματα
937 1019 1042 1090 δικαζό-

299 1115 389 1164 μενον,
404 1117 418 1148 o
434 1097 552 1146 τοιοῦτος
567 1093 646 1164 inponi
665 1111 688 1144 eo
702 1091 753 1160 τὴν
767 1093 825 1144 ταῖν
837 1087 1042 1158 δαπανημάτων

234 1169 303 1234 iti)
338 1159 494 1228 καταδίκην.
528 1161 616 1230 Δῆλον
642 1113 684 1224 Mi,
711 1155 754 1214 ὅτι
779 1163 823 1212 ἐπί
842 1159 903 1212 nain
918 1157 1042 1228 χαμαιδι-

301 1233 410 1286 καστιῖνν
428 1229 442 1284 ὁ
458 1231 549 1304 ἅρχων
564 1235 639 1282 ἐστὶν
655 1223 802 1300 rivipollen}
816 1223 906 1282 atarto
913 1223 1042 1300 ἀφορίσαι

301 1295 440 1366 ταξεώτην
458 1301 507 1354 τὸν
524 1301 612 1354 ταῦτα
629 1293 825 1366 pretiotissimum.

234 1369 267 1426 a.
287 1385 330 1424 vm
344 1369 371 1422 lc.
389 1369 476 1440 April.
490 1367 747 1440 postconsulatum
765 1363 892 1436 Lonpini.
929 1369 962 1432 [a.
981 1369 1041 1438 481]

269 1435 287 1496 6
310 1435 378 1508 Imp.
403 1437 565 1492 Anastasius
587 1435 618 1488 A.
644 1433 784 1506 Stephano
815 1433 959 1514 mapistro·
974 1433 1042 1514 miii-

236 1513 297 1562 tum.
334 1505 399 1558 Cum
424 1505 529 1574 quidam
551 1519 600 1572 per
620 1503 690 1572 leges
709 1517 856 1570 sacrasque
875 1507 1042 1556 constantio·

234 1591 290 1640 nes,
308 1573 355 1628 alii
371 1591 419 1642 per
437 1573 566 1644 speciales
584 1573 722 1640 largitates
740 1569 793 1626 sibi
809 1569 970 1640 praestituta
987 1569 1042 1638 pri·

233 1645 327 1712 vilegia
344 1643 524 1712 praetendunt
540 1645 594 1694 tam
617 1655 699 1710 super
716 1639 843 1708 sportulis
860 1655 909 1708 pro
929 1653 1042 1692 conven-

234 1713 351 1768 tionibus
377 1725 462 1780 usque
493 1709 527 1764 ad
554 1713 654 1764 certam
680 1707 857 1778 quantitatem
882 1707 1043 1776 praebendis

235 1797 314 1850 quam
335 1795 415 1848 super
437 1779 559 1848 expensis
581 1777 667 1832 litium
684 1779 726 1832 vel
743 1775 891 1830 minuendis
910 1777 951 1830 vel
968 1777 1042 1846 peni-

234 1855 277 1904 tus
302 1865 357 1902 non
380 1845 569 1916 agnoscendis,
596 1861 643 1914 per
665 1847 735 1900 banc
759 1845 844 1912 legem
867 1845 1042 1906 decernimus,

234 1921 272 1984 ut,
297 1915 455 1984 quicumque
479 1915 629 1970 huiusmodi
651 1915 788 1984 privilegio
807 1915 924 1968 munitus
943 1919 984 1968 cst
1001 1915 1042 1966 vel

234 1991 327 2056 postea
350 1985 429 2038 talem
453 1983 665 2052 praerogativam
689 1982 809 2054 quolibet
833 1981 912 2036 modo
938 1997 1041 2036 merue-

233 2055 283 2120 rit,
308 2053 390 2118 sciat,
414 2059 441 2108 et
464 2053 487 2106 si
504 2069 571 2122 quos
588 2053 646 2120 ipse
664 2057 759 2120 utpote
777 2049 906 2106 obnoxios
925 2053 976 2108 sibi
992 2065 1041 2130 pro

235 2137 400 2192 quacumque
424 2121 555 2176 criminali
571 2123 612 2176 vel
637 2121 706 2176 civili
730 2135 812 2176 causa
836 2119 996 2174 constitutos
1015 2137 1042 2172 m

233 2191 431 2246 accusationem
448 2191 594 2256 deduxerit,
617 2189 666 2244 hos
683 2191 766 2242 nihilo
783 2187 871 2242 minus
888 2189 972 2242 isdem
989 2189 1041 2256 pri·

233 2261 331 2328 vilegiis
354 2259 500 2328 potituros,
523 2259 649 2328 quoniam
672 2275 727 2314 non
754 2263 795 2310 est
821 2257 960 2310 ferendum
986 2273 1041 2320 eos,

234 2329 280 2398 qui
293 2327 431 2398 praefatas
445 2329 654 2396 praerogativas,
673 2333 703 2380 ut
721 2327 879 2380 antelatum
897 2329 946 2392 est,
964 2341 1041 2396 prae-

233 2395 359 2464 tendunt,
386 2395 486 2464 aliquid
509 2397 570 2464 plus
593 2395 627 2448 ab
652 2395 811 2452 aduersariis
835 2395 890 2448 suis
914 2409 1042 2464 quaerere

234 2465 352 2530 concedi,
371 2481 450 2536 quam
467 2465 519 2532 ipsi
536 2467 570 2518 ab
588 2465 649 2518 aliis
666 2463 768 2536 pulsati
783 2461 873 2518 facere
890 2463 1040 2530 patiantur:

233 2535 272 2588 ita
295 2533 409 2600 sedicet,
434 2539 462 2586 ut
485 2533 552 2588 haec
569 2533 656 2588 forma
673 2533 758 2588 modis
776 2533 899 2586 omnibus
917 2533 1041 2588 observo·-

233 2607 278 2656 tur
301 2619 333 2656 su
353 2605 381 2656 er
404 2601 546 2670 privilegiis
568 2617 617 2670 per
633 2601 808 2656 liberalitates
827 2599 867 2654 vel
884 2599 1043 2668 generaliter

233 2621 391 2740 quibusviam
416 2671 511 2724 officiis
538 2673 586 2724 aut
608 2669 707 2724 scholis
732 2685 780 2724 scu
804 2669 977 2738 dignitatibus
1001 2669 1042 2722 vel

179 2775 180 2782 .
233 2739 385 2808 specialiter
403 2737 484 2794 certis
501 2741 622 2808 personis
640 2737 777 2808 praestitis
793 2737 834 2792 vol
851 2743 946 2806 postea
963 2753 1041 2806 prae·

233 2807 339 2876 bondis,
364 2809 417 2862 sive
437 2809 489 2862 hoo
506 2809 593 2876 ipsum
612 2809 759 2878 expressim
776 2805 969 2876 principalibus
989 2807 1040 2860 dis-

232 2875 410 2946 positionibus
428 2876 469 2930 vel
491 2875 627 2936 adfatibus
651 2877 780 2932 insertum
798 2875 853 2930 sive
870 2875 1040 2944 praetermis·

233 2961 291 3000 sum
309 2945 345 2998 sit
362 2947 402 3000 vel
419 2945 507 2998 fuant.

596 3085 621 3144 L
637 3085 672 3144 1.¹

488 3183 535 3236 DE
552 3187 597 3236 itm
615 3087 787 3238 IIUDIGATA.

266 3285 281 3346 1
311 3285 378 3358 Imp.
397 3285 551 3340 Antoninus
572 3287 603 3340 A.
629 3283 779 3340 Stellatori.
818 3285 910 3340 Rebus
934 3285 1039 3366 quidem

232 3355 354 3410 iudicatis
376 3355 501 3410 standum
524 3361 573 3408 est.
614 3355 663 3408 sed
685 3355 707 3408 si
728 3357 843 3424 probare
860 3360 961 3424 potens
979 3371 1038 3410 eum

233 3427 276 3478 oui
297 3423 489 3478 condemnatus
513 3439 541 3478 es
564 3423 593 3478 id
614 3422 686 3490 quod
702 3421 775 3478 furto
794 3425 913 3478 amisisse
929 3421 1039 3478 videba-

232 3501 276 3546 tur
293 3493 433 3562 recepisse,
457 3491 584 3544 adversus
602 3491 714 3545 iudicati
732 3493 853 3558 agentem
871 3491 925 3544 doli
942 3507 1038 3562 excep·

231 3561 303 3616 tione
320 3559 444 3630 opposita
460 3559 531 3614 tueri
552 3567 578 3614 te
597 3559 707 3628 poteris.
743 3573 793 3614 arr
808 3559 834 3612 lc.
853 3559 936 3616 Mart.
954 3561 1038 3616 Anto-

232 3631 295 3682 nino
314 3633 345 3682 A.
365 3643 418 3682 ιη]
435 3633 462 3682 εί
479 3627 597 3682 Balbino
616 3643 704 3682 conss.
926 3633 960 3694 [a.
979 3631 1038 3694 213]

265 3695 284 3754 2
302 3697 378 3752 Itium
392 3697 424 3750 A.
438 3693 600 3750 Pacatiana.
627 3695 681 3750 Res
700 3695 835 3750 iudicatae
852 3697 875 3750 si
893 3699 942 3750 sub
959 3713 1038 3766 prae-

231 3771 306 3820 textu
328 3763 533 3834 computationis
556 3765 753 3832 instaurentur,
778 3765 867 3820 nullus
885 3765 936 3820 erit
953 3765 1039 3820 litium

231 3835 300 3890 finis.
339 3833 396 3888 ΡΡ.
413 3833 490 3904 prid.
514 3849 576 3888 non.
601 3875 683 3888 ....
706 3833 810 3888 Romae
833 3833 918 3888 Laeto
941 3841 968 3890 et
992 3833 1038 3888 Ce-

231 3903 304 3958 reale
321 3919 407 3958 conss.
926 3907 960 3968 [a.
979 3907 1037 3970 215]

265 3967 283 4030 3
309 3969 384 4024 Idem
405 3973 437 4024 A.
460 3967 606 4024 Demetrio.
648 3969 677 4024 Si
694 3971 854 4040 pecuniam,
873 3985 953 4040 quam
969 3971 1039 4026 mala

230 4041 333 4096 ratione
350 4037 523 4108 intercepisse
540 4055 587 4092 vos
605 4039 746 4108 apparuit,
770 4039 836 4092 iussi
857 4039 915 4094 sitis
939 4039 1038 4096 inferre

232 4125 291 4162 cum
321 4123 408 4178 poena
439 4113 467 4162 et
493 4111 629 4176 comperto
655 4111 799 4174 praecepto
827 4107 957 4176 praesidis
984 4123 1038 4162 non

230 4175 446 4246 provocaveritis,
461 4175 612 4228 universam
625 4177 799 4246 quantitatem
814 4177 915 4230 debetis
928 4177 1035 4232 inferre.

263 4243 283 4302 4
302 4243 370 4328 imp.
391 4243 548 4300 Gordianus
563 4247 595 4300 A.
614 4245 762 4300 Antonino.
799 4245 854 4298 Sub
878 4247 966 4314 specie
989 4261 1037 4300 no·

230 4331 321 4368 vorum
341 4315 578 4368 instrumentorum
600 4319 696 4382 postea
719 4317 886 4384 repertorum
907 4329 950 4368 res
966 4313 1036 4368 iudi-

180 4397 181 4400 ’
231 4387 306 4438 catus
322 4381 469 4438 restaurari
485 4381 605 4450 exemplo
623 4397 702 4450 grave
721 4387 769 4436 est.
796 4381 830 4436 D.
845 4397 889 4436 vn
904 4381 940 4436 id.
953 4381 1035 4438 Mart.

263 4449 281 4510 5
302 4449 390 4530 impp.
413 4449 601 4504 Diocletianus
623 4455 651 4504 et
665 4447 855 4506 Maximianus
867 4451 922 4504 AA.
941 4457 969 4506 et
989 4449 1036 4504 CC.

236 4519 386 4576 Valentino.
422 4519 464 4570 Ad
487 4519 645 4572 solutionem
667 4517 822 4572 dilationem
839 4523 973 4588 petentem
990 4519 1037 4572 ad·

1092 749 1218 802 mitatem.
1255 761 1341 814 neque
1365 747 1434 800 enim
1452 751 1538 802 morte
1556 749 1699 816 cognitoris
1718 745 1805 814 perire
1826 745 1905 798 debet

1092 817 1202 886 publica
1223 813 1298 868 fides.
1339 813 1374 868 J).
1394 829 1435 868 ur
1457 815 1482 870 a.
1502 813 1576 886 Sept.
1601 817 1722 872 Rornael
1745 813 1903 868 Constantio

1093 891 1119 940 ot
1138 883 1284 940 Constante
1301 899 1389 938 conss.
1791 887 1824 946 [a.
1845 885 1904 946 414]

1454 1091 1546 1152 LIII.l

1198 1195 1245 1244 un
1262 1191 1506 1244 uxsucurroun
1524 1195 1584 1242 aar
1603 1193 1799 1244 iconomus.

1128 1295 1142 1354 l
1166 1297 1254 1368 Impp.
1271 1291 1388 1352 Senam
1405 1299 1433 1348 et
1440 1293 1596 1348 Antoninus
1605 1295 1661 1348 AA.
1679 1291 1794 1348 nnana.
1820 1293 1905 1348 Nimis

1092 1367 1224 1432 properel
1244 1363 1326 1418 iudex
1350 1363 1464 1432 pignora
1484 1361 1631 1416 Marcellae
1654 1361 1713 1430 capi
1738 1377 1769 1416 ac
1787 1361 1905 1426 {distrahi

1092 1433 1171 1486 iussit
1188 1437 1251 1486 ante
1268 1447 1324 1486 rem
1341 1431 1495 1486 iudicatam.
1537 1429 1612 1498 prius
1637 1435 1678 1486 est
1701 1447 1778 1498 ergo,
1802 1435 1832 1484 ut
1850 1445 1905 1484 ser·

1093 1505 1155 1556 vato
1174 1501 1267 1554 ordine
1285 1501 1419 1556 actionem
1436 1499 1565 1554 adversus
1584 1513 1644 1552 eam
1662 1499 1758 1566 dirigas
1778 1503 1806 1552 et
1824 1515 1906 1554 causa

1094 1569 1200 1638 cognita
1223 1569 1383 1624 sententiam
1405 1567 1531 1638 accipias.
1571 1567 1629 1622 ΡΡ.
1648 1583 1690 1622 nr
1712 1567 1738 1622 iv.
1757 1567 1834 1622 Febr.
1859 1569 1904 1622 Al-

1094 1639 1156 1692 bino
1175 1645 1202 1694 et
1218 1635 1371 1692 Aemiliano
1388 1655 1476 1694 conss.
1792 1641 1825 1702 [a.
1846 1639 1904 1700 206]

1127 1705 1146 1762 2
1172 1705 1240 1778 Imp.
1259 1705 1416 1764 Antoninus
1432 1707 1463 1762 A.
1481 1705 1616 1762 Monimo.
1658 1705 1686 1760 Si
1710 1719 1818 1760 causam
1835 1705 1904 1758 iudi-

1094 1777 1147 1830 cati
1170 1791 1224 1828 non
1248 1773 1363 1840 novasti,
1387 1791 1443 1828 rem
1461 1775 1608 1830 iudicatam
1625 1789 1734 1842 praeses
1751 1773 1905 1842 provinciae

1093 1845 1173 1898 etiam
1196 1843 1352 1912 pignoribus
1379 1843 1463 1912 captis
1487 1859 1519 1898 ao
1538 1843 1673 1898 distractis
1691 1843 1725 1896 ad
1744 1843 1905 1898 emolumen-

1092 1919 1149 1966 tum
1166 1913 1278 1980 perduci
1295 1911 1406 1966 iubebit.
1444 1911 1514 1980 quod
1538 1913 1561 1966 si
1584 1915 1683 1966 novata
1704 1915 1853 1976 causaest,
1872 1927 1904 1966 ex

1093 1981 1224 2050 stipulatu
1241 1981 1290 2034 tibi
1308 1981 1380 2034 actio
1397 1981 1524 2050 competit
1541 1985 1567 2034 et
1580 1981 1669 2034 iudice
1684 1985 1795 2050 accepto
1811 1997 1904 2036 secun-

1094 2051 1156 2104 dum
1172 2049 1239 2104 iuris
1257 2049 1371 2104 formam
1389 2049 1517 2116 experire.

1127 2115 1146 2176 3
1170 2117 1246 2172 Itium
1268 2119 1300 2172 A.
1323 2119 1473 2198 Apn'ppae.
1515 2119 1588 2172 Ordo
1613 2117 1651 2170 rei
1674 2121 1765 2186 gestae
1785 2121 1813 2170 et
1830 2135 1904 2172 moro

1093 2185 1241 2252 solutionis,
1261 2201 1330 2256 quae
1346 2185 1505 2250 mtercessit,
1525 2187 1692 2242 constantius
1712 2185 1845 2242 desiderat
1862 2203 1903 2242 re-

1092 2257 1216 2310 medium.
1256 2257 1279 2310 si
1300 2255 1392 2324 itaque
1414 2255 1566 2324 praesidem
1588 2255 1756 2324 provinciae,
1782 2257 1905 2324 quirem

1091 2323 1238 2380 iudicatam
1261 2323 1371 2392 exsequi
1395 2321 1485 2388 debet,
1509 2323 1607 2378 adieris
1632 2327 1659 2378 et
1682 2323 1842 2392 adlegaveris
1860 2341 1904 2380 res

1092 2395 1157 2458 soli,
1182 2407 1251 2462 quae
1274 2391 1379 2462 pignori
1403 2391 1500 2446 dufnal
1517 2397 1592 2458 sunt,
1617 2391 1662 2446 diu
1680 2393 1853 2448 subhastatae
1871 2409 1904 2446 ex

1092 2465 1230 2530 compacto
1258 2463 1313 2516 sive
1336 2461 1481 2516 ambitione
1505 2461 1626 2516 diversae
1649 2461 1733 2530 partis
1757 2465 1903 2530 emptorem

1091 2547 1146 2584 non
1159 2529 1285 2594 inuenire,
1301 2531 1329 2584 in
1344 2531 1540 2598 possessionem
1555 2545 1647 2584 eamn
1661 2535 1687 2584 te
1701 2531 1797 2596 mittet,
1818 2533 1849 2584 ut
1862 2533 1902 2586 vel

1091 2599 1143 2654 hcc
1158 2599 1275 2654 remedio
1292 2613 1335 2652 res
1350 2605 1406 2652 tam
1418 2597 1463 2650 diu
1478 2603 1567 2652 tracta
1583 2599 1618 2652 sd
1633 2597 1756 2652 effectum
1772 2599 1902 2668 perduca-

1091 2673 1145 2722 tur.
1177 2665 1212 2722 D.
1223 2683 1260 2722 m
1272 2667 1298 2722 lc.
1313 2665 1365 2722 Iul.
1382 2665 1502 2722 Messala
1520 2671 1547 2722 et
1561 2665 1664 2722 Setino
1679 2683 1765 2722 conss.
1794 2673 1827 2734 [a.
1844 2671 1902 2734 214]

1126 2733 1146 2794 4
1169 2735 1245 2790 Idem
1270 2737 1302 2790 A.
1330 2733 1462 2790 Marcello
1493 2735 1580 2790 militi,
1629 2735 1767 2804 Stipendia
1793 2735 1902 2790 retineri

1091 2809 1241 2874 propterea,
1259 2803 1330 2872 quod
1346 2803 1539 2858 condemnatus
1556 2805 1609 2872 esi,
1628 2821 1682 2858 non
1696 2805 1902 2874 patieturprae·

1091 2889 1134 2928 ses
1157 2873 1323 2942 provinciae,
1349 2889 1410 2926 cum
1432 2887 1488 2926 rem
1508 2873 1656 2930 iudicatam
1676 2875 1766 2944 ‘possa
1782 2875 1841 2932 aliis
1858 2889 1901 2932 ra-

1090 2941 1208 2998 tionibus
1233 2941 1350 3010 exsequi.
1391 2941 1448 2994 ΡΡ.
1467 2955 1509 2998 Im
1536 2961 1599 2998 roan.
1619 2945 1680 2998 Iun.
1706 2945 1808 3000 Sabino
1827 2961 1855 3000 J]
1877 2953 1904 3000 et

1090 3009 1220 3066 Annilino
1238 3025 1326 3064 conss.
1790 3019 1823 3080 [a.
1844 3019 1902 3082 216]

1124 3077 1143 3136 5
1160 3077 1230 3152 Ινηα.
1247 3075 1444 3136 GordianusA.
1455 3081 1587 3136 Amando.
1614 3081 1704 3136 Etiam
1717 3097 1813 3136 nomen
1828 3083 1902 3138 debi-

1089 3147 1156 3204 toris
1179 3147 1208 3202 in
1229 3163 1313 3202 causa
1335 3149 1446 3204 iudicati
1466 3151 1527 3218 capi
1543 3165 1624 3220 posse
1641 3149 1761 3218 ignotum
1778 3169 1833 3206 non
1851 3155 1901 3206 est.

1090 3215 1201 3270 PP.1n
1215 3215 1251 3270 id.
1264 3213 1320 3274 Oet.
1332 3219 1424 3272 Attico
1438 3225 1465 3272 et
1473 3213 1655 3274 Praetextato
1669 3235 1757 3274 conss.
1791 3225 1824 3286 [α.
1841 3225 1901 3286 242]

1126 3281 1144 3344 6
1163 3283 1232 3356 Imp.
1250 3283 1398 3358 Phiiippus
1414 3289 1445 3340 A.
1464 3291 1492 3340 et
1509 3285 1656 3358 Philippus
1674 3285 1700 3342 C.
1721 3287 1836 3344 Manno.
1865 3289 1900 3356 Si,

1089 3359 1121 3408 ut
1137 3355 1275 3436 prepucia,
1293 3369 1384 3408 rerum
1396 3353 1574 3408 iudicatarum
1591 3361 1732 3412 exsecutor
1745 3355 1823 3412 datus
1838 3373 1900 3426 par-

1088 3427 1130 3478 tes
1148 3421 1200 3476 sib1
1216 3421 1313 3478 iudicis
1331 3421 1476 3478 vindicavit
1493 3429 1520 3478 et
1539 3429 1633 3478 contra
1651 3439 1690 3488 ea,
1713 3441 1782 3494 quae
1799 3427 1902 3496 pridem

1088 3507 1138 3562 pro
1162 3491 1286 3560 partibus
1310 3491 1364 3544 tuis
1386 3491 1497 3546 fuerunt
1520 3497 1638 3556 saluts,
1663 3493 1762 3562 aliquid
1782 3511 1901 3562 pronun-

1088 3559 1209 3614 tiandum
1226 3561 1339 3640 putavit,
1364 3559 1497 3616 sententia
1514 3561 1548 3614 ab
1566 3577 1598 3616 ec
1616 3561 1689 3616 dicta
1706 3563 1758 3616 vim
1775 3565 1814 3616 roi
1830 3565 1899 3618 indi-

1090 3633 1167 3684 catae
1185 3627 1306 3682 obtinere
1324 3643 1494 3698 nequaquam
1511 3635 1608 3698 potest.

1125 3695 1222 3768 limp
1246 3739 1251 3752 .
1274 3697 1465 3754 Diocletianus
1487 3707 1515 3754 et
1530 3697 1720 3754 Maximianus
1739 3701 1795 3756 AA.
1816 3701 1899 3756 Tbeo-

1088 3765 1167 3820 doro.
1211 3713 1242 3820 M
1272 3767 1359 3848 longis
1389 3765 1543 3836 apertisque
1570 3767 1788 3848 frustrationibus
1816 3771 1899 3838 partis

1088 3834 1216 3890 adversae
1234 3837 1369 3890 resttutro
1387 3835 1539 3890 remorata⁹
1557 3841 1606 3904 est,
1625 3839 1704 3892 ebam
1721 3837 1803 3892 servis
1818 3841 1899 3894 rebus

1088 3903 1212 3958 humanis
1238 3905 1369 3974 exemptis
1398 3919 1416 3958 a
1441 3903 1601 3958 frustratore
1628 3905 1780 3960 aestimatio
1808 3923 1899 3962 eorum

1088 3971 1254 4026 restituenda
1271 3977 1320 4026 est.
1349 3973 1474 4026 animalia
1492 3989 1597 4042 quoque
1616 3991 1676 4028 cum
1693 3973 1801 4030 fetubus
1811 3977 1833 4010 ¹⁰
1849 3977 1899 4030 tibi

1086 4041 1236 4096 intercessu
1254 4039 1385 4110 praesidis
1403 4045 1686 4110 repraesentabuntur.

1122 4105 1140 4168 8
1162 4107 1260 4162 ”Idem
1277 4111 1332 4162 AA.
1356 4115 1383 4164 et
1402 4109 1476 4164 00¹²
1512 4111 1707 4166 Exsecutoram
1729 4129 1789 4168 eum
1812 4113 1899 4168 solum

1087 4193 1146 4232 esse
1163 4177 1337 4232 mandentum
1355 4177 1397 4246 sit,
1416 4177 1461 4248 qui
1478 4185 1541 4248 post
1558 4181 1725 4248 sententiam,
1748 4183 1818 4236 inter
1835 4197 1897 4252 par·

1087 4251 1128 4300 tes
1148 4245 1242 4300 audite
1265 4247 1337 4300 omni
1355 4249 1383 4300 et
1399 4245 1521 4302 discussa
1539 4249 1597 4314 lite,
1634 4249 1748 4304 relatam
1764 4251 1898 4306 iudicatae

1086 4315 1126 4438 1(ΐεί
1142 4315 1316 4436 εἰςοεῑεεη3εᾱ
1333 4315 1457 4370 effectum
1474 4313 1578 4372 videtur
1596 4267 1737 4372 aiducere.
1772 4317 1838 4374 Sine
1854 4321 1898 4376 dic

1086 4399 1101 4438 e
1130 4399 1240 4438 consae
1271 4425 1277 4436 .

1121 4447 1140 4510 9
1166 4449 1263 4504 ¹⁴lolam
1286 4451 1344 4504 AA.
1366 4457 1394 4506 et
1417 4449 1464 4506 CC.
1488 4451 1611 4524 Glyconi.
1648 4455 1716 4522 Eos,
1738 4471 1806 4524 quos
1823 4457 1896 4510 debi-

1086 4523 1160 4574 tores
1185 4523 1248 4574 tuos
1272 4535 1332 4574 esse
1355 4519 1509 4588 contendis,
1536 4521 1609 4590 apud
1632 4527 1762 4578 rectorem
1786 4525 1898 4580 conveni

230 4587 360 4656 quievisse
383 4587 531 4642 sententiae
550 4587 690 4642 manifeste
708 4585 851 4656 probatur,
875 4587 947 4642 sicut
968 4603 1036 4654 eum,
1086 4587 1253 4656 provinciae,
1277 4589 1334 4656 qui,
1348 4587 1402 4644 sive
1426 4589 1541 4644 confessi
1561 4589 1680 4646 debitum
1697 4591 1752 4648 sive
1769 4597 1897 4662 negantes

230 4657 276 4724 qui
293 4655 409 4724 quolibet
425 4655 504 4708 modo
524 4655 671 4710 sententiae
692 4655 864 4724 adquieverit.
899 4657 1037 4710 necerim
1087 4661 1114 4712 et
1138 4657 1252 4712 convicti
1275 4655 1377 4710 fuerint
1399 4657 1569 4714 condemnati
1594 4675 1644 4714 nec
1669 4661 1740 4714 intra
1766 4665 1896 4716 statutum
1943 4695 1944 4700 κ

169 4789 170 4792 ¹
229 4723 374 4778 instaurari
394 4723 471 4796 finita
494 4739 583 4778 rerum
603 4723 783 4792 iudicatarum
798 4725 902 4794 putitiu
919 4725 1036 4780 auctori-
1087 4723 1204 4794 spatium
1221 4723 1349 4780 solutioni
1365 4725 1559 4792 satisfecerint,
1583 4743 1643 4782 cum
1660 4729 1732 4784 latae
1748 4731 1897 4786 sententiae

230 4795 279 4846 tas.
315 4789 344 4846 S.
356 4791 432 4864 prid.
451 4791 486 4846 id.
505 4791 582 4848 Fibr.
602 4789 686 4846 Sirmi
705 4791 752 4848 CC.
771 4807 857 4846 conss.
923 4797 957 4858 [a.
977 4797 1036 4858 224]
1086 4795 1243 4864 pignoribus
1268 4793 1347 4848 etiam
1372 4795 1457 4864 captis
1481 4809 1513 4850 ae
1537 4795 1673 4852 distractis
1696 4799 1842 4852 secundum
1864 4813 1897 4854 ea

230 4963 261 5030 (1)
279 4963 306 5014 B
324 4971 348 5026 a,
363 4971 385 5026 t,
404 4975 427 5014 n
449 4983 515 5030 seqq.
532 4993 567 5002 -
587 4967 625 5032 Cf.
643 4965 705 5032 Dip.
723 4969 792 5028 42,1
878 4969 912 5032 (t)
934 4993 966 5012 =
991 4967 1035 5020 tt.
1090 4963 1154 5032 GM,
1172 4969 1268 5018 remota
1285 4967 1348 5018 Par
1400 4969 1447 5032 (10)
1463 4969 1500 5020 sic
1517 4969 1563 5034 Pr,
1580 4969 1634 5020 fetu
1651 4969 1735 5026 Paua
1786 4977 1828 5040 (11)
1838 4979 1896 5044 sor-

231 5035 270 5096 lt,
287 5041 309 5094 t,
326 5041 354 5080 tt
422 5035 454 5098 (3)
476 5041 545 5096 gesta
562 5047 586 5098 q.
604 5049 623 5084 s.
641 5033 771 5096 translata]
794 5035 896 5086 notione
919 5037 945 5086 ei
966 5033 1035 5086 solli·
1086 5047 1149 5086 tasse
1163 5037 1302 5104 inapendae
1315 5047 1372 5088 sunt
1388 5037 1413 5102 3,
1430 5047 1452 5102 t,
1470 5047 1491 5088 2.
1510 5041 1533 5104 3,
1550 5049 1581 5102 11,
1598 5049 1616 5090 1.
1636 5043 1659 5104 7,
1678 5051 1714 5104 62,
1733 5053 1759 5096 b:
1778 5047 1809 5110 ef.
1823 5047 1894 5098 etiam

229 5099 339 5152 titudine
354 5097 497 5150 Marcellini
514 5101 656 5166 spectabilis
672 5103 804 5152 memoriae
822 5103 871 5152 viri
887 5105 1035 5154 contraDo·
1086 5107 1110 5170 2,
1128 5115 1193 5168 tat
1250 5107 1297 5168 (12)
1315 5103 1404 5154 dicunt
1424 5107 1517 5158 addunt
1534 5109 1557 5170 3,
1575 5119 1597 5172 3,
1616 5119 1637 5160 2.
1655 5111 1680 5172 3,
1697 5121 1728 5174 11,
1746 5123 1764 5164 1.
1784 5115 1807 5178 i,
1826 5123 1894 5172 sut

228 5169 332 5218 natans
353 5167 423 5230 gesta
443 5171 503 5218 sunt
526 5185 565 5234 ea,
589 5185 654 5236 quae
671 5171 793 5222 translata
811 5171 867 5236 (scr.
885 5175 954 5234 geste
971 5187 1035 5236 quaa
1085 5175 1131 5236 (13)
1155 5173 1235 5224 dxv
1257 5173 1283 5224 k.
1306 5173 1388 5238 April.
1414 5175 1488 5238 (Aug.
1513 5177 1537 5240 3,
1559 5185 1582 5240 a,
1607 5179 1630 5242 a)
1653 5179 1678 5242 3,
1702 5189 1723 5242 3,
1748 5191 1768 5232 r.
1793 5185 1893 5246 3‚11‚1
1942 5171 1943 5176 ’

228 5239 287 5288 sunt
302 5233 433 5300 translata)
452 5235 495 5284 Tu.
548 5239 582 5304 (4)
597 5239 908 5306 &vonnaeGotiofredns
959 5241 991 5308 (5)
1007 5241 1035 5292 Β
1085 5245 1131 5308 (11)
1152 5243 1251 5292 Caiaoio
1274 5243 1399 5308 iunpendc
1423 5245 1518 5294 uidetur
1536 5245 1560 5308 4,
1577 5255 1611 5308 10,
1630 5257 1656 5308 s,
1679 5249 1720 5298 eni
1734 5243 1895 5302 subscribitur

228 5307 252 5370 9,
261 5317 282 5370 t,
293 5315 318 5358 n
332 5321 398 5370 seqq·
413 5329 447 5340 -
466 5301 573 5372 (Μία.
583 5309 644 5372 42,1
696 5305 729 5372 (6)
747 5311 783 5358 sic
799 5309 825 5372 C,
842 5305 1034 5374 perperam'PR
1085 5309 1108 5358 d.
1126 5309 1160 5358 id.
1178 5309 1252 5362 Febr.
1271 5309 1321 5360 CO.
1340 5325 1418 5362 consa

229 5377 261 5440 (t)
277 5375 315 5426 sie
332 5371 387 5438 Pii,
404 5371 489 5438 captae
511 5371 533 5422 O
607 5377 642 5442 (s)
661 5391 685 5428 es
704 5377 759 5440 PR,
777 5379 813 5426 est
827 5377 873 5442 pO
945 5377 980 5444 (a)
998 5379 1034 5428 sic

227 5575 420 5634 indicaverint:
447 5593 509 5630 nam
539 5577 566 5626 a
587 5573 629 5630 bis
651 5579 827 5658 apparitores
847 5583 1032 5634 exsecutores-
1082 5577 1305 5636 calumniatorem
1322 5597 1378 5636 non
1396 5599 1462 5648 esse,
1483 5581 1578 5638 sedin
1595 5579 1710 5652 ana'piti
1727 5599 1811 5638 eausa
1829 5601 1893 5640 oon·

228 5651 243 5700 2
274 5661 330 5726 pue
341 5649 456 5716 praesto
473 5651 544 5698 sunt.
570 5641 652 5710 Quod
665 5663 690 5700 st
704 5647 789 5700 iudea
803 5645 855 5704 boc
866 5665 924 5702 non
935 5647 1032 5716 saciet,
1082 5645 1249 5714 demnatum,
1262 5647 1298 5704 ”is
1320 5647 1570 5706 condemnationem
1593 5649 1622 5702 in
1643 5659 1767 5722 sumptus
1785 5653 1892 5722 facien-

228 5711 963 5788 3praepartiuictriciltoodamnnmsarcireocatur.
983 5713 1032 5770 Sin
1082 5719 1098 5768 4
1138 5713 1201 5770 dam
1224 5717 1314 5772 euitat.
1356 5717 1569 5774 Consentaneum
1592 5723 1680 5772 autem
1702 5719 1787 5776 estin
1802 5721 1891 5800 peda-

227 5789 317 5840 ontem
341 5797 405 5838 rens
426 5781 528 5854 aliquis
547 5779 630 5852 Mem
653 5781 783 5838 soluendo
804 5783 958 5854 praestabit
984 5789 1034 5838 out
1082 5783 1141 5838 nais
1165 5783 1299 5840 indicibus
1323 5785 1362 5840 od
1385 5787 1564 5858 mapistratns
1589 5785 1714 5858 officium
1739 5795 1890 5860 portiana,

227 5857 306 5908 octor
322 5849 368 5906 aa
383 5849 495 5906 densim
509 5857 560 5906 aut
575 5847 661 5904 iudea
677 5867 737 5904 eum
749 5853 900 5922 perspiciet
920 5869 951 5908 re
968 5867 1032 5908 cera
1082 5857 1113 5906 ut
1129 5853 1317 5924 apparitorem
1334 5855 1383 5926 qni
1398 5853 1466 5908 baec
1482 5859 1651 5926 exsequatur
1667 5855 1707 5912 eis
1723 5857 1863 5914 attribuat.
