4250 6258
239 353 284 412 lili
305 355 483 418 transmissi
504 361 647 418 insama

1033 345 1094 424 iil

1691 351 1755 418 XII
1777 355 1902 418 35--36

917 445 1218 460 νυν-*ΛΜ

238 529 352 590 tissimos
378 553 427 608 pra
460 541 579 604 tempore
603 537 742 608 magistros
768 537 882 592 militam
913 553 963 592 uec
989 553 1044 594 aon

239 601 317 656 etiam
338 603 409 660 siros
432 605 591 674 spectabiles
615 607 711 676 duces,
737 609 758 664 si
777 607 902 676 supplere
918 621 1042 664 numeros

237 685 286 736 pro
305 671 346 724 his
360 673 406 742 qni
422 673 549 728 fatalibus
560 675 675 730 sortibus
692 677 847 730 decrescent
862 675 1043 728 necessarium

238 751 296 792 esse
313 741 477 808 putaverint,
502 741 613 798 veritate
631 745 753 798 discussa
775 759 823 814 per
847 743 1042 810 suggestionem

237 819 312 886 suam
330 815 439 864 nostrae
457 811 652 866 mansuetudini
670 813 818 878 declarare,
842 811 888 880 qui
906 817 932 866 et
949 811 1042 880 quanti

237 881 264 952 ιι
280 889 308 928 ιι
334 893 384 944 quo
409 893 519 934 numero
537 881 579 934 vel
601 881 684 934 limite
702 879 817 934 debeant
841 879 993 948 subrogari,
1012 883 1042 934 ut

236 949 275 994 ιιι
293 941 409 1012 demum,
431 953 512 1014 prout
532 949 642 1002 nostrae
665 949 762 1000 sederit
784 947 930 1012 maiestati,
954 947 1041 1002 divina

237 1009 426 1066 subnotatione
436 1015 541 1070 subnixi
548 1015 669 1070 militiam
679 1015 840 1084 sortiantur3
860 1015 956 1082 officio,
970 1017 1041 1082 quod

237 1081 300 1132 tuae
323 1081 492 1138 sublimitatis
511 1085 617 1140 actibus
640 1083 816 1148 obsecundat,
836 1089 942 1138 centum
959 1083 1040 1138 libra-

236 1161 295 1198 rum
312 1151 371 1202 anri
385 1149 523 1220 dispendio
541 1151 669 1214 feriendo,
689 1151 712 1204 si
728 1165 760 1204 ex
773 1151 863 1220 aliqua
874 1159 958 1220 parte,
974 1167 1041 1220 quaa

237 1217 332 1270 statuit
349 1223 441 1274 nostra
458 1221 596 1284 serenitas,
615 1219 714 1272 fuerim
731 1219 836 1272 violata.
908 1225 940 1282 [a.
962 1223 1039 1284 tiit]

272 1279 309 1342 18
328 1281 397 1358 Imp.
416 1289 577 1342 Anastasius
593 1289 624 1342 Α.
644 1285 763 1340 roboant
779 1287 910 1358 magistro
928 1287 1041 1342 militurn

233 1357 453 1430 praesentabant.
488 1359 555 1408 'fam
572 1355 714 1408 collatores
730 1357 758 1408 et
771 1355 947 1422 provinciales
962 1371 1041 1424 quam

236 1419 394 1478 iustissimos
413 1423 508 1478 milites
533 1429 613 1492 prout
637 1427 743 1490 oportet
801 1423 906 1478 berneri
923 1425 1040 1478 minime-

236 1503 286 1556 que
303 1489 448 1546 laesionem
465 1493 580 1558 aliquam
603 1505 651 1544 ιιι
668 1489 760 1558 (ιιιιιι
781 1491 835 1544 ium
858 1493 960 1560 perpeti
979 1509 1040 1560 pro·

236 1565 358 1624 perantes
373 1561 555 1614 necessariam
571 1573 630 1612 esse
644 1559 845 1626 ιιιιιιιιιιιιιι
864 1559 1040 1616 dicatissimos

235 1623 346 1692 milites,
369 1627 415 1696 qui
439 1627 471 1682 de
493 1627 601 1680 diversis
619 1627 834 1696 praesentalihus
858 1627 975 1684 numeris
993 1645 1041 1698 per

236 1693 351 1750 Orientis
368 1699 459 1764 partes
477 1699 626 1750 noscuntur
649 1695 807 1760 consistere,
827 1695 942 1750 virorum
964 1713 1039 1768 spec-

234 1761 355 1816 tabilium
378 1765 475 1818 ducum
497 1763 660 1816 iussionibus
685 1763 822 1822 oboedire,
846 1771 889 1830 ut,
913 1765 1040 1834 quidquid

233 1831 383 1896 emerserit,
409 1831 480 1898 quod
503 1847 552 1900 pro
571 1831 703 1886 communi
727 1831 870 1886 securitate
891 1835 1038 1888 curandam

234 1903 282 1966 est,
301 1899 352 1954 hoc
368 1901 492 1968 protinus
510 1903 603 1968 utpote
621 1899 732 1954 militari
753 1901 886 1968 praesidio
904 1901 931 1956 in
949 1903 1038 1972 proxi-

233 1967 283 2020 mis
307 1969 372 2022 locis
403 1969 548 2022 constituto
571 1971 723 2036 competens
753 1969 840 2036 possit
860 1971 973 2026 ιιιιιιι2
998 1987 1038 2026 re-

232 2035 357 2090 medium:
376 2035 415 2090 ita
428 2035 556 2102 videlicet,
575 2041 606 2090 ut
623 2035 703 2090 etiam
720 2037 860 2104 agentibus
876 2053 971 2094 causas
985 2043 1038 2092 tam

234 2103 407 2158 criminaliter
430 2119 507 2172 quam
532 2105 642 2158 civiliter
665 2105 780 2172 praelati
797 2105 893 2160 milites
915 2107 968 2160 iam
985 2125 1038 2160 non

233 2173 305 2240 apud
321 2171 488 2240 magnificam
505 2173 685 2242 magisteriam
701 2189 750 2240 per
768 2173 903 2230 Orientem
920 2179 1036 2244 potesta-

232 2245 286 2292 tem
303 2241 344 2294 vel
362 2257 395 2294 ex
413 2241 550 2296 sententiis
569 2257 615 2296 seu
640 2241 874 2308 praeceptionibus
896 2243 966 2308 eius,
991 2243 1037 2296 sed

233 2323 280 2376 ιιι
302 2307 521 2362 interlocutiones
545 2325 593 2364 seu
620 2309 807 2376 dispositiones
834 2317 889 2364 tam
915 2311 1036 2366 excelsae

232 2383 294 2430 tuae
311 2377 389 2444 sedis,
410 2377 459 2432 sub
479 2377 554 2432 cuius
571 2377 756 2432 iurisdictione
781 2379 939 2446 consistunt,
958 2395 1037 2448 quam

236 2451 243 2496 i
283 2445 425 2500 eorundem
448 2445 546 2500 ducum
569 2443 754 2514 respondeant.
799 2445 841 2500 Εο
863 2449 966 2500 ιιιιιιιι
989 2449 1036 2500 ob-

233 2513 377 2578 servando,
404 2519 434 2568 ut
459 2515 494 2566 ad
519 2529 690 2582 responsum,
717 2515 780 2582 qui³
806 2515 839 2568 de
863 2515 951 2570 officio
974 2520 1037 2568 tuae

233 2581 402 2636 sublimitatis
425 2581 480 2636 huc
500 2599 585 2650 usque
608 2581 643 2636 ad
669 2581 834 2650 praedictam
860 2583 1036 2650 magisteriam

231 2665 279 2718 per
296 2649 430 2704 Orientem
453 2655 612 2718 potestatem
635 2651 715 2704 moris
734 2657 793 2704 erat
816 2651 957 2718 destinari,
974 2651 1037 2706 viris

231 2717 422 2786 spectabilibus
446 2719 558 2774 ducibus
583 2719 743 2774 inhaesurus
766 2719 887 2774 mittatur
911 2723 966 2772 tam
989 2735 1038 2788 per

231 2801 260 2840 ιι
284 2801 363 2854 quam
386 2803 435 2854 per
457 2787 591 2842 adiutores
610 2803 673 2842 suos
696 2785 803 2842 eosdem
827 2787 927 2842 iudices
946 2787 1036 2842 abser-

231 2869 293 2908 vare
311 2861 338 2908 et
359 2855 492 2908 iussiones
510 2871 600 2908 eoram
618 2855 728 2924 implere
752 2861 906 2910 curaturus:
931 2855 1037 2908 licentia

232 2923 256 2974 ei
273 2939 328 2976 non
346 2923 507 2992 deneganda,
526 2923 604 2978 etiam
622 2923 657 2976 ad
674 2939 845 2992 responsum,
864 2923 910 2992 qui
928 2922 960 2976 de
978 2923 1036 2976 ofli-

232 2989 272 3044 cio
291 2991 399 3046 alterius
417 2991 465 3046 viri
484 2991 581 3046 excelsi
598 2989 719 3058 magistri
732 2991 844 3044 militum
861 2989 1035 3058 praesentalis

232 3073 279 3128 pro
297 3059 348 3112 hac
365 3067 460 3112 nostra
483 3059 657 3128 dispositione
681 3059 840 3122 destinatur,
864 3061 892 3114 in
909 3059 990 3124 locis,
1008 3057 1036 3112 in

231 3127 326 3196 quibus
350 3127 524 3196 apparitionis
546 3133 609 3180 tuae
631 3127 801 3180 sublimitatis
819 3125 854 3178 ad
878 3141 1036 3194 responsum

231 3211 284 3250 non
315 3195 456 3262 contigerit
485 3193 610 3264 reperiri,
644 3209 719 3248 suam
750 3193 955 3250 sollicitudinem
987 3209 1035 3262 pro

233 3269 264 3316 ta
300 3265 495 3330 emergentibus
518 3265 630 3316 maxime
662 3263 750 3316 causis
774 3277 909 3330 peragere.
954 3261 1035 3316 Ouios

231 3331 309 3384 etiam
327 3331 365 3386 illi
384 3333 428 3400 qai
446 3331 479 3386 de
497 3333 579 3384 altero
598 3331 687 3384 officio
705 3331 849 3384 mittendus
867 3333 908 3384 esi
925 3329 1035 3400 praebe-

230 3415 288 3454 mus
305 3399 474 3466 facultatem,
501 3405 531 3452 ιι
548 3415 602 3454 ιιι
623 3403 729 3452 tantum
746 3415 793 3466 per
810 3399 946 3454 adiutores
964 3413 1035 3462 suas,

230 3469 258 3520 id
275 3471 316 3520 ιιι
329 3469 364 3520 ad
379 3483 544 3536 responsum,
563 3467 610 3522 sed
625 3467 704 3520 etiam
716 3467 828 3522 invicem
843 3481 872 3520 se
887 3465 1035 3520 adiuvando

231 3551 279 3588 neo
302 3535 416 3604 publicis
439 3551 489 3588 uec
510 3535 618 3604 privatis
647 3535 735 3588 causis
757 3535 797 3588 vel
822 3535 1035 3588 exsecutionibus

234 3603 261 3658 ih
297 3605 390 3658 abesse
408 3603 553 3656 videantur.
590 3601 632 3654 Ad
650 3603 768 3670 singulos
788 3603 884 3656 etenim
902 3603 984 3658 daces
1002 3601 1035 3656 ad

229 3687 387 3740 responsum
410 3671 441 3724 de
471 3667 683 3738 apparitionibus
701 3669 796 3726 vestris
819 3685 873 3724 uon
896 3671 1035 3738 prospexi-

230 3757 288 3794 mus
307 3745 429 3808 oportere
447 3739 587 3802 destinari,
612 3753 645 3792 ιι
668 3753 717 3806 ιιι
733 3739 928 3792 multitudinem
945 3753 1035 3790 eorum

230 3809 348 3876 qualibet
363 3809 559 3862 machinatione
577 3806 674 3861 damna
698 3811 792 3860 contra
815 3805 910 3860 milites
928 3809 1035 3860 nostros

230 3883 243 3928 ‘i
280 3877 370 3944 augeri
388 3877 530 3944 contingat.
566 3875 602 3928 Ut
619 3879 708 3928 autem
726 3873 891 3928 omnifariam
912 3879 968 3926 tam
985 3889 1034 3940 pu·

230 3945 315 4000 blicae
326 3943 506 3998 commoditati
522 3959 600 4012 quarn
610 3943 762 3996 fortissimis
778 3941 958 4010 prospiciatur
968 3941 1034 3994 mili-

230 4015 314 4078 tibus,
340 4015 518 4080 sportularum
541 4011 622 4066 nihilo
647 4013 735 4064 minus
758 4009 923 4064 exactionem
940 4009 1033 4064 merito

230 4081 380 4136 censuimus
404 4081 598 4136 moderandam.
645 4083 672 4132 et
694 4079 816 4132 iubemus
839 4093 888 4132 nec
911 4077 976 4144 ipsis
1001 4077 1035 4130 ad

228 4165 386 4218 responsum
409 4165 457 4204 nec
480 4149 645 4218 adiutpribus
668 4163 760 4202 eorum
783 4161 831 4214 pro
854 4145 1035 4200 criminalibus

229 4233 276 4272 seu
296 4219 415 4272 civilibus
434 4219 535 4282 causis,
560 4219 609 4270 etsi
629 4233 660 4270 ex
683 4215 798 4284 publicis
818 4213 905 4268 causis
924 4213 1034 4266 descen-

229 4285 292 4340 dere
310 4285 351 4340 vel
368 4287 402 4340 ad
419 4287 554 4356 publicam
572 4301 680 4340 causam
698 4283 830 4352 pertinere
854 4281 984 4348 dicantur,
1002 4280 1033 4334 li-

229 4369 289 4408 cere
306 4353 407 4422 aliquid
423 4355 484 4422 plus
501 4369 581 4422 quam
599 4369 682 4408 unum
701 4351 814 4406 solidum
832 4363 849 4402 a
866 4349 975 4416 singulis
992 4349 1034 4402 vel

228 4423 379 4478 nolentibus
397 4423 438 4476 vel
460 4425 607 4492 spontanea
624 4423 761 4474 voluntate
784 4417 956 4472 offerentibus
975 4433 1032 4472 sue·

230 4493 316 4558 cipere
339 4489 482 4558 militibus,
503 4491 543 4544 ita
565 4493 609 4552 ut,
634 4489 657 4542 si
678 4489 836 4544 universitas
860 4483 963 4564 ιιιιιιιι
986 4501 1034 4540 ιιι

228 4559 418 4628 principiorum
435 4559 566 4612 monenda
584 4559 630 4622 sit,
655 4557 792 4626 duplicata
810 4557 957 4632 quantitate
974 4555 1033 4606 tan-

228 4627 362 4682 tummodo
386 4627 520 4696 sportulas
542 4627 688 4694 accipiant:
713 4627 741 4678 in
764 4625 805 4678 his
830 4621 1033 4702 etenimcausis

228 4711 276 4750 uec
294 4695 383 4762 plures
402 4711 480 4762 quam
499 4695 565 4750 duos
583 4697 717 4762 primates,
737 4707 849 4762 quorum
867 4705 974 4744 namma
992 4705 1032 4742 se·

228 4765 279 4818 mel
297 4777 329 4816 ac
347 4763 460 4830 primam
476 4763 557 4830 gestis
575 4761 812 4816 intervenientibus
830 4759 930 4812 fuerint
947 4757 1032 4824 publi-

229 4839 302 4896 cata,
329 4831 444 4900 patimur
471 4831 619 4894 conveniri,
650 4831 761 4900 syndico
787 4827 920 4892 videlicet,
953 4831 1035 4892 prout

229 4899 390 4956 cousuetudo
403 4899 522 4966 deposcit
530 4899 685 4966 legibusque
695 4903 802 4954 cautum
813 4899 861 4960 est,
876 4891 1032 4948 ordinando.

227 4975 261 5022 ia
296 4969 354 5022 Hoc
372 4981 477 5038 quoque
494 4967 606 5030 adiecto,
625 4973 656 5020 ut
673 4983 721 5034 pro
736 4965 857 5020 omnibus
873 4959 1034 5032 quibuslibet

227 5037 350 5106 expensis
367 5037 502 5104 ingressus
520 5035 548 5088 in
564 5035 661 5088 iudicio
686 5035 800 5090 daciano
818 5029 932 5086 faciendi
951 5045 1032 5082 unum

1095 557 1207 610 cumque
1223 537 1318 594 milites
1332 535 1440 606 pulsare
1458 541 1609 606 maluerint,
1628 537 1721 594 eadem
1739 537 1825 590 forma
1844 551 1902 590 ser*

1094 613 1108 664 3
1142 615 1225 666 ιιιιι,
1273 605 1334 660 Ειιι
1361 607 1449 658 autem
1472 609 1575 664 arbitrii
1603 613 1684 676 atque
1707 605 1901 662 aestimationis

1093 679 1207 734 virorum
1217 673 1403 748 spectabilium
1417 673 1512 728 ducum
1527 693 1577 744 pro
1591 679 1720 746 qualitate
1733 675 1901 742 negotiorum

1092 749 1134 800 vel
1151 747 1307 816 quantitate,
1326 755 1393 822 quae
1412 741 1585 800 devotissimis
1602 747 1730 800 militibus
1748 743 1782 796 ab
1805 741 1899 822 adver*

1093 815 1169 870 sariis
1192 829 1282 868 eorum
1305 811 1440 878 ingeritur,
1465 811 1506 864 vel
1534 827 1608 868 suam
1631 813 1793 868 audientiam
1815 813 1899 864 mter·

1091 897 1190 950 ponere
1212 881 1302 950 litigiis
1324 879 1365 932 vel
1391 893 1482 930 eorum
1508 877 1698 936 discursionem
1728 877 1898 936 dicatissimis

1091 951 1227 1020 principiis
1243 967 1289 1004 seu
1304 945 1410 1000 arbitris
1425 945 1453 998 in
1470 947 1536 1000 locis
1555 949 1710 1018 degentibus
1724 949 1896 1006 committere.

1091 1021 1107 1072 4
1141 1021 1242 1086 Quibus
1260 1015 1322 1072 viris
1346 1013 1536 1082 spectabilibus
1561 1013 1671 1072 ducibus
1691 1027 1717 1072 ιι
1741 1033 1786 1072 ιιι
1805 1017 1896 1072 obser-

1091 1087 1214 1144 vantibus
1232 1087 1266 1140 ad
1283 1097 1440 1150 responsum
1458 1097 1505 1136 seu
1523 1081 1690 1140 adiutoribus
1708 1103 1799 1142 eorum
1817 1097 1897 1138 curae

1092 1153 1138 1220 sit,
1164 1155 1187 1210 ιι
1210 1153 1316 1224 quando
1334 1153 1369 1206 ad
1385 1149 1492 1204 eosdem
1514 1151 1595 1204 daces
1613 1153 1708 1208 milites
1733 1153 1835 1208 fuerint
1852 1167 1895 1204 ar·

1092 1223 1180 1278 cessiti
1197 1223 1239 1278 vel
1256 1221 1287 1276 de
1304 1219 1371 1274 loeis
1388 1219 1416 1272 in
1435 1219 1530 1286 quibus
1550 1221 1690 1276 constituti
1713 1229 1775 1276 sunt
1792 1235 1896 1276 movere

1091 1293 1240 1360 praecepti,
1265 1303 1299 1344 ne
1316 1287 1434 1356 quolibet
1451 1287 1529 1340 modo
1547 1287 1661 1342 canales
1683 1305 1731 1344 seu
1754 1291 1895 1344 collatores

1091 1359 1250 1426 quibusdam
1267 1355 1428 1412 adiiciautur
1445 1355 1597 1422 dispendiis,
1616 1355 1779 1422 itascilicet,
1797 1363 1828 1410 ut
1844 1373 1893 1426 pro

1091 1427 1217 1482 militibus
1241 1423 1427 1494 inspiciendis,
1454 1423 1672 1492 quandocumque
1690 1425 1821 1480 voluerint
1845 1423 1896 1480 viri

1091 1497 1249 1564 spectabiles
1283 1495 1364 1546 duces
1397 1489 1476 1544 etiam
1501 1491 1680 1558 praesentales
1713 1493 1894 1546 devotissimos

1089 1563 1185 1618 milites
1199 1563 1333 1628 adhibere,
1352 1575 1406 1612 uon
1420 1561 1585 1612 immodicam
1594 1561 1788 1614 multitudinem
1802 1577 1897 1614 eorum.

1090 1637 1104 1684 5
1138 1637 1256 1700 tempore
1281 1627 1356 1710 pacis
1390 1643 1536 1682 convocare
1562 1633 1714 1696 procurent.
1758 1629 1805 1682 Sin
1831 1643 1896 1682 vero

1088 1699 1168 1754 etiam
1186 1701 1344 1754 necessitate
1361 1701 1488 1766 poscente
1504 1696 1599 1750 milites
1616 1697 1651 1750 ad
1669 1697 1722 1750 alia
1739 1697 1896 1766 perveniant

1088 1769 1155 1832 loca,
1175 1767 1334 1822 laesionibus
1352 1769 1445 1818 contra
1459 1765 1572 1818 curiales
1592 1781 1638 1818 seu
1658 1765 1797 1820 celatores
1809 1765 1893 1816 nihilo

1088 1841 1122 1888 sa
1157 1837 1243 1888 minas
1266 1833 1351 1888 modis
1376 1831 1497 1888 omnibus
1524 1831 1683 1888 abstineant.
1728 1833 1766 1886 Et
1788 1831 1812 1886 si
1838 1837 1893 1884 tam

1088 1903 1175 1958 eundo
1193 1919 1270 1972 quam
1293 1901 1427 1954 redeundo
1451 1901 1558 1970 triginta
1581 1903 1684 1954 ιιιιιιι
1707 1901 1764 1954 dies
1787 1903 1894 1968 oportet

1088 1987 1134 2026 eos
1157 1971 1306 2040 proticisci,
1329 1969 1381 2038 ipsi
1405 1983 1467 2024 suas
1490 1985 1621 2038 expensas
1649 1969 1700 2026 sibi
1725 1969 1892 2038 praebendas

1088 2039 1260 2094 collatoribus
1274 2053 1321 2092 ιιι
1333 2037 1477 2092 curialibus
1492 2037 1599 2092 minime
1611 2037 1815 2104 praegravandis
1833 2053 1892 2090 sus·

1088 2107 1176 2176 cipere
1193 2123 1248 2160 uon
1271 2111 1388 2160 cessent:
1413 2103 1455 2158 sin
1473 2107 1561 2158 autem
1579 2105 1704 2160 ulteriore
1727 2111 1846 2174 ternpore
1864 2105 1892 2156 in

1087 2175 1145 2230 aliis
1169 2175 1234 2228 locis
1258 2189 1367 2228 necesse
1390 2173 1424 2228 sit
1448 2189 1492 2226 eos
1511 2175 1680 2236 commorari,
1705 2189 1834 2242 expensas
1853 2171 1892 2226 eis

1087 2241 1222 2296 ulterioris
1241 2247 1271 2296 ιι
1288 2241 1387 2296 dictum
1412 2245 1453 2296 est
1469 2243 1608 2310 temporie,
1627 2241 1662 2296 ad
1680 2257 1748 2312 quae
1766 2257 1892 2310 pervene-

1087 2317 1102 2366 c
1136 2311 1191 2364 rint
1206 2311 1273 2374 loca,
1292 2309 1443 2364 ministrari.
1484 2309 1613 2378 Quoniam
1631 2325 1692 2366 vero
1717 2311 1890 2380 comperimus

1087 2377 1215 2446 quosdam
1232 2379 1371 2432 temeraria
1390 2383 1470 2444 atque
1488 2377 1578 2446 iniquo
1601 2379 1740 2448 proposito
1758 2377 1890 2434 anteriore

1086 2453 1205 2516 ternpore
1224 2449 1309 2500 certos
1328 2461 1342 2500 e
1359 2445 1512 2500 memoratis
1529 2447 1656 2500 militibus
1674 2455 1729 2502 tam
1745 2447 1774 2500 in
1791 2445 1889 2500 iudicio

1085 2515 1255 2570 sublimitatis
1278 2521 1440 2582 coaequam
1465 2515 1536 2582 apud
1559 2515 1691 2570 excelsam
1713 2515 1890 2584 magisteriam

1085 2599 1134 2652 per
1151 2583 1287 2638 Orientem
1304 2587 1464 2650 potestatem
1481 2583 1509 2636 in
1526 2585 1726 2638 accusationem
1750 2583 1890 2638 deduxisse

1087 2657 1113 2706 et
1130 2667 1176 2706 eos
1193 2651 1285 2704 eodem
1302 2655 1422 2720 tempore
1434 2651 1469 2704 ad
1487 2651 1590 2706 diversa
1604 2667 1709 2722 qaoque
1726 2649 1890 2722 protraxisse

1085 2719 1183 2774 iudicia
1208 2719 1379 2788 diversasque
1403 2733 1482 2788 super
1504 2719 1587 2774 isdem
1611 2721 1732 2788 personis
1755 2719 1890 2786 isdemque

1086 2787 1174 2842 causis
1184 2791 1211 2842 et
1224 2787 1337 2854 negotiis
1346 2789 1466 2854 prolatas
1481 2787 1563 2842 inisse
1580 2791 1731 2858 sententias,
1748 2803 1783 2842 ue
1796 2791 1894 2856 postea

1085 2857 1167 2910 nihilo
1190 2855 1276 2910 minus
1300 2859 1392 2908 tantae
1415 2861 1509 2910 contra
1530 2857 1625 2912 milites
1648 2863 1755 2912 nostros
1777 2855 1893 2910 insidiae

1084 2927 1213 2992 tantaque
1229 2923 1350 2978 confusio
1370 2923 1500 2990 querellis,
1520 2925 1638 2992 quassis
1653 2925 1737 2994 ingeri
1753 2923 1890 2992 contingit,

1085 2995 1239 3060 generetur,
1262 2989 1362 3046 nemini
1389 2991 1470 3046 licere
1493 2993 1565 3060 apud
1591 2993 1679 3048 sedem
1702 2991 1890 3060 magnitudinis

1085 3067 1147 3114 tuae
1165 3059 1353 3114 accusatione⁵
1376 3061 1469 3112 contra
1490 3061 1599 3114 militem
1622 3075 1670 3114 seu
1691 3061 1788 3120 milites
1810 3075 1889 3128 prae-

1086 3128 1201 3182 sentales
1220 3127 1341 3208 deposita
1361 3127 1586 3196 conventioneque
1607 3129 1698 3184 oblata
1721 3129 1832 3184 eundem
1848 3129 1890 3182 vel
1910 3183 1912 3190 Α

1085 3195 1192 3250 eosdem
1206 3195 1303 3248 milites
1319 3193 1489 3250 criminaliter
1504 3211 1551 3250 sea
1561 3197 1673 3252 civiliter
1687 3197 1890 3268 periussionem

1086 3265 1200 3316 virorum
1225 3263 1410 3332 spectabilem
1437 3263 1535 3316 ducum
1559 3265 1719 3334 inquietare,
1746 3269 1887 3334 antequam

1085 3333 1219 3400 negotium
1249 3347 1282 3386 ex
1308 3331 1396 3398 priore
1422 3331 1527 3386 ιιιιοιι
1551 3335 1691 3402 prioreque
1717 3333 1911 3388 conventione

1087 3405 1125 3454 ba
1159 3399 1238 3452 finem
1260 3399 1404 3466 legitimum
1427 3399 1561 3454 sortiatur.
1596 3401 1722 3470 idemque
1739 3415 1815 3456 versa
1831 3401 1891 3454 vice

1086 3469 1235 3532 observari,
1254 3473 1297 3534 ut,
1321 3467 1344 3520 si
1362 3467 1466 3536 quidam
1485 3469 1557 3524 miles
1582 3485 1629 3524 seu
1645 3471 1741 3524 milites
1763 3483 1890 3538 praesen-

1085 3537 1151 3590 tales
1169 3535 1284 3590 iussione
1298 3535 1347 3588 viri
1362 3535 1515 3603 spectabilis
1532 3535 1606 3592 ducis
1617 3539 1733 3592 incusati
1746 3553 1780 3592 ac
1795 3537 1890 3592 moniti

1085 3603 1199 3668 fuerint,
1222 3601 1329 3658 ιιιιιιιι
1353 3603 1497 3670 denegetur
1512 3607 1602 3674 agenti
1617 3607 1824 3676 postulationem
1841 3619 1890 3658 ιιι

1086 3673 1281 3726 accusationem
1299 3673 1326 3724 iu
1343 3671 1439 3726 iudicio
1457 3675 1520 3728 tuae
1535 3673 1704 3730 sublimitatis
1720 3679 1888 3730 contraeun-

1086 3741 1122 3794 eh
1157 3739 1216 3794 dem
1234 3739 1344 3792 militem
1361 3739 1402 3794 vel
1420 3739 1526 3796 eosdem
1542 3743 1638 3796 milites
1657 3743 1797 3812 deponere.
1832 3741 1888 3796 Nec

1085 3809 1110 3862 si
1127 3807 1288 3862 eundemvel
1305 3807 1411 3862 eosdem
1428 3811 1483 3862 tam
1496 3809 1669 3864 criminaliter
1685 3825 1764 3880 quam
1778 3809 1889 3864 civiliter

1085 3877 1214 3934 obnoxios
1239 3891 1297 3930 esse
1324 3875 1481 3942 firmaverit,
1507 3877 1664 3932 facultatem
1690 3879 1775 3934 eidem
1800 3877 1888 3946 agenti

1085 3961 1224 4014 superesse
1235 3945 1365 4012 separatis
1376 3943 1566 4002 intentionibus
1577 3947 1631 4000 suis
1648 3963 1696 4016 pro
1708 3945 1888 4000 criminalibus

1085 4011 1325 4082 quidemiudicium
1340 4019 1403 4066 tuae
1419 4015 1590 4082 celsitudinis,
1608 4033 1658 4084 pro
1668 4015 1788 4068 civilibus
1800 4019 1888 4066 autem

1085 4087 1098 4132 i
1126 4081 1176 4134 viri
1192 4081 1345 4150 spectabilis
1363 4081 1455 4136 sociat
1473 4097 1520 4138 seu
1535 4099 1611 4138 versa
1625 4083 1681 4138 vice
1694 4097 1836 4150 occupare.
1860 4081 1889 4136 st

1085 4149 1143 4218 quis
1166 4165 1228 4204 vero
1252 4149 1285 4202 ad
1307 4147 1459 4204 huiusmodi
1482 4153 1537 4204 tam
1560 4151 1764 4204 audacissimam
1781 4155 1889 4218 tamque

1084 4217 1211 4286 aequitati
1235 4217 1397 4272 contrarium
1420 4233 1548 4272 conamen
1571 4219 1737 4286 prosiluerit,
1761 4233 1821 4272 eum
1838 4235 1887 4286 pro

1084 4285 1244 4354 pecuniariis
1262 4285 1366 4366 quidem
1376 4285 1489 4352 negotiis
1502 4285 1605 4340 iactura
1622 4285 1676 4340 litis
1688 4291 1716 4340 et
1733 4285 1888 4340 damnorum

1085 4369 1152 4422 quae
1174 4353 1236 4408 vitio
1260 4367 1317 4408 erus
1340 4353 1507 4422 contigerunt
1529 4355 1662 4408 solatione
1690 4355 1811 4424 percelli,
1838 4371 1889 4424 pro

1085 4421 1265 4476 criminalibus
1288 4425 1376 4474 autem
1399 4421 1476 4488 quasi
1499 4423 1717 4478 calumniatorem
1739 4423 1890 4478 convictum

1085 4495 1099 4544 8
1134 4491 1222 4558 legum
1240 4489 1346 4542 aculeos
1364 4489 1470 4542 sentire.
1506 4489 1701 4558 Dispositiones
1720 4497 1808 4546 autem
1826 4501 1887 4546 ante

1083 4559 1153 4612 latas
1177 4573 1231 4610 ιιι
1254 4555 1289 4610 ad
1311 4555 1515 4610 imminuendam
1539 4561 1698 4626 potestatem
1720 4561 1887 4628 magisteriae

1083 4641 1132 4694 per
1149 4625 1283 4678 Orientem
1307 4623 1549 4692 administrationis,
1574 4627 1620 4696 sed
1644 4645 1693 4696 pro
1718 4627 1830 4682 tuitione
1847 4627 1887 4680 lo-

1085 4711 1176 4748 corum
1199 4707 1232 4748 ac
1257 4691 1400 4746 securitate
1421 4693 1533 4762 publica
1556 4697 1690 4750 noscimur
1710 4697 1887 4766 praestitisse,

1085 4777 1145 4816 cum
1162 4777 1215 4828 non
1234 4759 1343 4814 dubium
1361 4761 1394 4828 sit
1412 4761 1491 4828 ipsos·
1503 4761 1582 4816 etiam
1600 4765 1695 4832 duces,
1721 4765 1815 4832 quibos
1832 4763 1888 4816 for-

1083 4831 1179 4884 tissimi
1189 4829 1369 4900 praesentales
1382 4829 1485 4884 milites¹
1493 4847 1588 4900 parere
1603 4833 1739 4902 praecepti
1748 4837 1818 4896 sunt,
1837 4831 1887 4884 sub

1084 4897 1176 4952 eadem
1193 4899 1298 4952 excelsa
1313 4903 1446 4966 potestate
1463 4915 1521 4954 esse
1541 4903 1708 4956 constitutos.
1735 4899 1768 4954 D.
1787 4897 1812 4952 lt.
1826 4897 1886 4952 lan.

1086 4963 1323 5038 Constantinopoli
1331 4967 1478 5040 Anastasia
1488 4969 1518 5022 Α.
1538 4975 1565 5022 et
1580 4967 1657 5038 linfa
1669 4983 1753 5022 conss.
1783 4971 1816 5030 [a.
1827 4969 1886 5030 492]

227 5109 330 5158 tautum
349 5105 461 5158 solidam
479 5103 597 5170 nihilque
621 5103 735 5170 amplius
752 5103 849 5156 milites
867 5101 907 5152 vel
931 5095 1034 5166 syndici
1085 5153 1086 5156 ,

227 5173 359 5242 litigantes
374 5171 522 5242 dependere
538 5171 738 5238 compellantur,
756 5177 786 5224 ut
799 5167 949 5224 huiusmodi
963 5165 1033 5218 sola-

228 5241 299 5296 cium
309 5243 343 5294 ιιι
359 5241 524 5294 commodum
534 5239 567 5292 ad
583 5251 741 5306 responsum
755 5239 852 5294 eteius
867 5233 1034 5290 adiuturumt

228 5317 255 5362 et
272 5309 443 5376 exceptorum
461 5305 595 5376 proficiat:
623 5305 688 5360 nihil
706 5307 757 5362 sibi
779 5319 909 5374 usurpare
926 5303 966 5356 ιιι
985 5317 1033 5380 suo

227 5379 331 5432 nomine
357 5391 467 5444 poscere
493 5377 534 5428 vel
559 5371 621 5427 viris
649 5375 750 5430 devotis
776 5373 956 5444 principibus,
989 5385 1034 5448 qur

227 5445 369 5498 dacianum
393 5447 535 5498 observant
557 5441 699 5508 iudiciuin,
725 5443 767 5498 vel
789 5443 904 5496 duciana
926 5453 1032 5506 appart-

227 5515 300 5566 tione
318 5511 351 5566 de
368 5511 497 5578 praefatis
518 5511 609 5564 litibus
629 5511 819 5566 concedendis:
842 5511 881 5564 ita
904 5507 1032 5570 videlicet,

227 5589 258 5636 ut
275 5597 356 5650 saper
373 5579 426 5632 litis
445 5579 568 5650 expensis
583 5579 610 5630 in
627 5581 748 5644 personis
764 5579 844 5632 etiam
862 5593 961 5642 eorum,
976 5573 1032 5644 qui·

226 5757 258 5818 (ti
275 5753 444 5822 prospeximus
465 5751 525 5802 libri
566 5749 607 5812 it)
626 5749 660 5798 sia
681 5749 710 5812 0,
728 5749 842 5800 adhiberi
859 5749 888 5800 K
938 5749 969 5812 (a)
984 5745 1033 5808 qui

230 5827 354 5888 Catonius,
372 5821 438 5888 quod
457 5821 514 5872 bort
574 5819 606 5882 (ii
624 5817 778 5868 adiutorium
797 5821 855 5870 libri
911 5819 944 5882 (s)
962 5827 1035 5866 accu-

1325 5175 1448 5234 xnxvr
1469 5173 1653 5252 (ιιιιι).7

1084 5269 1131 5318 DE
1154 5269 1338 5322 assisiensi
1365 5273 1512 5324 PEGULIO
1538 5273 1688 5324 MILITUM
1715 5277 1759 5326 ΕΤ
1787 5277 1891 5326 Pann-

1360 5341 1612 5392 enuntiationum.

1121 5433 1134 5492 i
1158 5435 1448 5510 frondicomam.
1468 5437 1618 5494 Prisciana
1661 5441 1687 5496 si
1709 5443 1736 5498 in
1754 5449 1891 5512 potestate

1085 5509 1132 5556 tua
1148 5503 1219 5560 filius
1238 5511 1300 5562 tuus
1317 5507 1368 5560 fait
1383 5523 1413 5562 eo
1432 5513 1557 5574 tempore,
1576 5523 1628 5574 quo
1641 5513 1771 5578 quaedam
1783 5515 1891 5566 nomine

1089 5575 1098 5624 l
1136 5573 1192 5626 eius
1210 5575 1307 5640 emisti,
1331 5581 1427 5630 eatua
1445 5589 1574 5630 essenon
1598 5575 1743 5632 dubitatur.
1780 5581 1889 5636 Peculio

1578 5695 1870 5706 ---—-·---—......-..-.—...-
1874 5703 1885 5708 .„

1085 5741 1205 5792 sationem
1228 5747 1299 5798 VKO
1360 5743 1531 5810 (diducitis,
1555 5743 1623 5798 ducis
1641 5749 1817 5800 sublimitatem
1838 5753 1890 5808 ΚΘ

1085 5809 1119 5872 (ι)
1137 5811 1164 5860 Β
1184 5815 1223 5878 st,
1242 5825 1263 5878 2,
1281 5825 1308 5866 ιι
1325 5833 1362 5882 sq.
1380 5841 1413 5850 -·
1434 5813 1472 5878 Cf.
1490 5811 1550 5878 Dip.
1568 5817 1610 5878 49,
1628 5827 1650 5870 ii
