4258 6258
232 357 415 422 scuranum

231 521 437 604 quinquennium
460 519 607 600 sustinebit.
648 521 681 578 ί).
698 523 792 594 pridie
815 521 840 576 tr.
859 517 945 592 April.
966 517 1033 572 dou-

211 609 212 612 *
233 589 407 720 ςῑχιιχίιροχχοίι
425 585 565 644 Aatbcmrc
584 593 614 646 Α.
635 605 662 646 [ι
677 607 749 648 acus.

928 603 952 640 α,
971 589 1019 640 468

372 669 413 708 em
425 655 481 706 AA.
501 653 631 724 drptbric
644 671 696 726 pp.
724 653 752 706 Si
769 651 870 718 legibus
888 583 1040 718 pdohibitab

234 749 287 790 non
305 727 357 782 sint
375 727 500 788 speratae
516 721 627 790 ruptim
644 727 672 776 et
693 723 755 790 post
771 733 846 772 arras
865 717 1040 784 sponsaliciae

233 809 331 872 sponsa
339 789 489 858 coniugium
496 791 588 860 sponsi
599 793 709 858 propter
718 787 852 856 religionis
862 787 1041 838 diversitatem

233 859 401 926 recusaverit,
417 859 441 912 si
455 859 559 928 quidem
591 859 715 912 rebaturi
725 853 807 908 luerit
821 859 884 908 aute
895 853 971 908 datas
982 869 1040 906 eas-

233 939 290 994 dem
300 943 374 986 arras
386 927 563 996 sponsaliciae
572 877 630 980 boc
638 925 708 978 idem
717 923 853 978 mulierem
863 925 903 978 vel
916 927 1040 990 parentes

233 1005 288 1060 eius
299 997 462 1064 cognovisse,
477 996 528 1051 sibi
542 997 656 1050 debeant
669 991 809 1060 imputare·
835 991 858 1046 si
867 1007 928 1048 vero
945 991 1040 1044 horum

232 1067 315 1140 ignari
330 1063 504 1132 sponsaliciae
515 1061 766 1132 arrsssusceperint
775 1061 816 1114 vel
830 1063 893 1128 post
907 1073 983 1114 arras
994 1059 1040 1112 da-

232 1149 273 1196 tas
282 1133 342 1190 talis
353 1147 436 1186 causa
444 1131 624 1200 paenitentiae
633 1129 822 1196 intercesserit,
829 1129 914 1182 isdem
923 1133 1040 1182 tautum-

233 1207 309 1264 modo
320 1201 432 1256 redditis
448 1215 529 1268 super
543 1199 654 1252 alterius
665 1197 752 1266 simpli
761 1213 848 1266 poena
862 1197 940 1254 liberi
950 1199 1041 1250 custo-

232 1275 345 1332 diantur.
365 1269 438 1338 quod
452 1267 531 1324 simili
541 1267 618 1322 modo
629 1267 709 1320 etiam
720 1265 752 1318 de
765 1265 871 1336 sponsis
881 1281 963 1334 super
973 1265 1040 1318 reci-

203 1351 204 1354 ’
233 1339 334 1416 piendis
344 1353 393 1392 nec
404 1351 438 1390 ne
448 1337 516 1392 arria
525 1335 660 1404 praestitis
672 1335 801 1390 custodiri
811 1349 958 1390 censemus.
976 1333 1040 1388 lile.

209 1439 210 1442 ¹
233 1411 283 1468 Iul
296 1405 530 1474 Constantinopoli
539 1405 681 1460 Marciano
693 1419 764 1458 cous.
932 1403 968 1472 [a.
978 1403 1039 1472 472]

266 1477 302 1536 17
323 1471 772 1546 2[ΑὐτοκράτωρἈναστάσιοςκί]
870 1475 1039 1540 Θεσπίζσμεν

232 1543 418 1612 caudeam...
557 1601 558 1606 ,

292 1609 376 1666 Ὅταν
385 1613 416 1664 ἐν
425 1633 480 1664 τινι
489 1607 566 1664 πόλει
576 1607 693 1664 σιτσλνου
701 1613 813 1696 γένηται
824 1617 905 1682 χρεία,
920 1609 987 1662 κατὰ
998 1607 1039 1660 δο-

296 1685 425 1750 κιμασίαν
438 1685 483 1732 καί
494 1677 620 1750 ἐπιλογην
635 1679 703 1732 καθ’
716 1681 833 1746 έκαστην
842 1679 924 1732 πόλιν
934 1675 1038 1732 ἐπισκό-

297 1771 348 1804 που
357 1753 402 1800 καί
412 1749 469 1800 τῶν
476 1751 567 1800 ἐντοῖς
576 1747 701 1818 κτήτορσι
708 1747 907 1816 πρωτευόντων
916 1747 1039 1820 γινέσθω

296 1813 372 1884 ἦέπί
386 1813 460 1882 αὐτῷ
475 1815 603 1890 προβολή,
622 1813 651 1868 οὐ
668 1815 738 1870 κατά
752 1815 784 1872 τό
800 1815 897 1870 δοκοῦν
905 1821 961 1868 τοῖς
976 1833 1040 1886 προ-

296 1885 471 1956 βαλλομένοις
485 1881 549 1938 οὐδέ
563 1881 606 1954 ἐφ’
623 1885 660 1938 οἶς
673 1881 707 1940 dr
722 1885 924 1954 βουληθείησαν
933 1879 1040 1954 προσιό-

296 1973 363 2020 ποις,
378 1951 445 2006 ἀλλά
453 1955 549 2022 μόνων
557 1957 615 2006 urbe
625 1957 669 2008 ἐπὶ
678 1957 725 2020 τῆς
734 1955 823 2028 χώρας
833 1957 933 2020 ἐκείνης
941 1951 1039 2014 τάξεω-

296 2025 354 2076 τιόν
364 2023 422 2074 τάν
438 2025 660 2092 στρατευομένων
675 2027 720 2090 καὶ
730 2025 788 2074 τῶν
797 2019 981 2088 ἀποθεμένων
990 2019 1041 2086 τὴν

292 2089 382 2156 τάξιν,
398 2087 510 2144 διάτῶν
522 2091 671 2162 εἰρημένων
686 2087 846 2162 προσώπων
856 2087 921 2160 πρὸς
934 2087 1038 2154 abuuer-

296 2165 401 2212 τωνίαν
415 2157 653 2230 προβαλλομένων,
669 2155 761 2226 ἐπειδὴ
771 2155 956 2230 εὐχερέστερον
967 2155 1040 2208 οὗτοι

296 2233 354 2282 ταῖς
360 2225 501 2294 δημοσίαις
509 2233 607 2300 χρείαις
614 2229 814 2298 ἐντετριμμέναι
823 2231 852 2278 ἐκ
858 2227 972 2298 μακράν
979 2223 1038 2294 χρό·

297 2299 391 2350 aecci
401 2297 580 2362 τῆςσιτωνίας
590 2293 606 2346 δ
608 2293 728 2348 ιανύουσι
737 2293 826 2368 βάρος.
842 2293 855 2348 ό
866 2293 895 2346 δέ
905 2313 944 2346 πα
965 2299 1039 2362 αβαί-

296 2385 354 2418 νων
369 2361 385 2430 ἢ
400 2365 602 2436 παραβαθῆναι
617 2365 770 2436 συγχωρῶν·
779 2365 829 2418 τόν
842 2359 927 2426 νόμον
942 2315 964 2416 λ’
980 2383 1039 2434 χρυ-

297 2441 354 2486 σίου
369 2433 461 2520 λίτρας
469 2437 606 2500 ἐπιτίμιον
616 2429 817 2500 καταβαλλέτω.
846 2433 882 2502 [α.
893 2437 969 2485 491-
977 2431 1038 2500 scs]

264 2499 302 2560 18
321 2499 375 2564 ³11)
393 2501 473 2554 αυτὸς
489 2499 621 2566 βασιλεύς]
641 2535 699 2554 ....
719 2503 888 2566 cernatque
904 2539 996 2554 ......

303 2563 333 2616 Oi
358 2563 510 2632 ἐφεστῶτες
534 2567 579 2614 καί
605 2563 639 2632 τῇ
664 2563 843 2632 παραφυλακῆ
875 2581 1037 2634 προσκαρτε-

302 2631 408 2702 ροῦντες
431 2631 595 2700 στρατιῶται
618 2635 647 2680 ἐν
673 2635 727 2682 τοῖς
752 2619 867 2682 occidebas
890 2627 981 2682 αὐτῶν
1006 2629 1038 2680 τὸ

302 2693 519 2770 προσφερόμενον
545 2695 612 2750 εἶδος
635 2699 663 2748 ἐκ
686 2701 744 2750 τῶν
767 2701 796 2750 ἐν
813 2701 846 2764 τῆ
871 2695 947 2752 πόλει
966 2693 982 2764 ἢ
1004 2697 1037 2768 τῇ

302 2769 391 2836 ένορίη
426 2761 505 2830 αὐτῆς
530 2767 738 2836 γεωργουμένων
769 2755 945 2830 δεχέδθωσαν
971 2761 1038 2834 ἐπέρ

302 2835 359 2886 rain
385 2827 510 2884 άννόνων
536 2827 626 2886 αὐτῶν
653 2829 797 2900 δοκιμασίᾳ
821 2837 869 2886 τοῦ
891 2829 1038 2886 ἐπισκόπου

302 2905 345 2954 καί
368 2903 416 2954 τοῦ
443 2897 567 2972 άρχοντος
589 2897 605 2968 ἢ
627 2903 675 2952 τοῦ
693 2897 797 2954 ἐκδίκου
824 2903 852 2964 ἐξ
869 2893 1038 2970 ἀπολείψεως

302 2971 349 3022 τοῦ
367 2965 500 3040 ἄρχοντος,
518 2971 563 3018 καὶ
579 2967 626 3022 οὐκ
641 2963 818 3040 ἀναγκάζεται
835 2965 849 3022 ὁ
867 2965 1038 3032 συντελεστὴς

275 3045 276 3048 ’
302 3035 506 3108 άπαργυρισμὸν
524 3031 636 3088 διδόναι.
848 3031 1039 3106 latet-ms]

273 3103 309 3164 19
328 3103 403 3158 Idem
420 3103 451 3156 A.
470 3103 615 3158 Eustctbio
627 3121 678 3176 pp.
712 3103 837 3160 Iubemus
860 3109 1037 3160 sostenium

238 3175 313 3228 modo
339 3173 375 3226 ad
398 3171 566 3226 defensorum
592 3187 683 3224 curam
709 3175 885 3292 peragendam
911 3171 1037 3236 ordinari,

238 3243 282 3310 qui
303 3241 480 3298 sacrosanctis
503 3239 665 3294 orthodoxae
682 3253 709 3292 re
722 3241 814 3308 'ponis
831 3241 924 3296 imbuti
942 3241 1038 3308 myste-

237 3313 281 3364 riis
304 3311 355 3364 hoc
377 3307 504 3376 imprimis
527 3307 577 3360 sub
594 3313 727 3374 gestomm
746 3309 940 3372 testificatione,
961 3321 1038 3376 prae-

238 3381 311 3432 sente
329 3391 432 3444 quoque
449 3375 644 3442 religiosissimo
662 3375 724 3428 fidei
734 3377 897 3432 orthodoxae
911 3375 1037 3440 antistite,

257 3463 284 3500 er
301 3445 478 3514 depositiones
497 3457 557 3498 cum
574 3445 734 3496 sacramenti
756 3445 882 3514 religione
903 3443 1038 3498 celebran-

236 3463 283 3568 διε
301 3511 485 3582 patefecerint.
517 3511 557 3566 ita
575 3511 643 3564 enim
661 3527 705 3570 eos
721 3513 899 3582 praecipimus
914 3511 1037 3574 ordinari,

237 3589 267 3634 ut
287 3581 558 3636 reverentissimorum
580 3579 764 3648 episcoporum
786 3597 835 3636 nec
857 3597 911 3636 non
929 3579 1038 3634 clerico·

237 3665 294 3702 rum
319 3655 345 3702 et
370 3649 559 3702 honoratorum
586 3663 617 3700 ac
642 3663 825 3718 possessomm
851 3655 878 3704 et
902 3647 1038 3702 curialium

238 3715 341 3772 decreto
360 3715 565 3772 constituantur.
601 3715 633 3770 ί).
644 3729 706 3770 και
722 3715 748 3770 Ιι.
761 3715 828 3772 Mai.
847 3715 994 3772 Sabiniano
1013 3721 1040 3768 et

239 3783 378 3840 Tbcodoro
395 3801 483 3840 conss.
920 3783 956 3854 [a.
977 3783 1038 3852 505]

228 3947 858 4016 ttl=5,1,s:iunpel,re,1e.5,e,s.s,eo,s
928 3949 962 4014 (a)
981 3961 1037 4002 eru

228 4019 337 4068 restituta
355 4029 390 4070 est
408 4037 438 4068 err
458 4021 495 4082 lb,
511 4029 546 4082 41,
560 4029 580 4076 3,
603 4037 674 4082 quarn
692 4021 736 4068 boc
755 4021 806 4070 loeo
823 4021 969 4086 pemiuatum
987 4039 1037 4068 esse

196 4101 197 4104 ¹
229 4097 321 4138 constat
338 4105 366 4138 err
386 4087 473 4150 Consu,
491 4089 641 4148 emicanti,
660 4105 723 4152 puae
741 4105 816 4154 nepae
833 4089 857 4138 in
877 4087 956 4138 Consi.
973 4089 1036 4138 iadi-

227 4157 417 4206 caracetulum
428 4165 462 4206 est
472 4159 502 4206 ab
513 4157 583 4206 buius
594 4157 658 4206 tituli
667 4169 807 4222 urpumentc
851 4157 884 4222 (3)
893 4181 927 4200 =
940 4157 1018 4208 Consi.
1028 4175 1035 4204 .·

227 4225 321 4284 pomino
335 4237 372 4276 est
389 4225 426 4288 ta,
437 4235 471 4288 st,
481 4237 506 4276 19
524 4225 627 4288 §tfiuz
644 4225 738 4276 initium
754 4225 922 4288 θεσπίζομεν
938 4225 1038 4276 tradunt

909 331 1209 442 ML

1826 335 1881 398 14

1118 517 1155 578 20
1175 511 1368 592 [Αὐτοκράτωρ
1383 517 1569 576 ’ίουστινιανύς
1586 517 1632 590 Α.]
1856 571 1858 576 .

1150 583 1256 640 robiate
1274 585 1455 658 superaderat,
1472 591 1496 642 ci
1511 589 1548 660 μὴ
1565 583 1774 654 ένύπομνὴμασι
1786 603 1882 656 μαρτυ-

1150 657 1223 728 ρηθῇ
1241 655 1285 706 ἐπί
1302 657 1387 724 apesin
1404 661 1449 708 ἐπὶ
1466 661 1524 712 τῶν
1541 655 1626 730 άγίων
1646 649 1806 726 εὐαγγελίων
1820 657 1884 726 Χρι·

1151 719 1257 776 cairande
1287 719 1445 792 ἐρθόδοξος,
1478 729 1670 794 συνισταμένης
1694 721 1739 786 τῆς
1765 721 1884 792 πράξεως

1150 787 1222 864 παρὰ
1235 791 1275 856 τῷ
1292 789 1407 868 άρχρντι,
1426 793 1498 844 ἔνθα
1513 793 1600 854 μέλλει
1615 783 1818 864 στρατεύεσθαι,
1838 785 1885 840 δύο

1150 859 1325 928 νομισμάτων
1342 859 1408 924 accip
1427 853 1506 924 αὐτῆς
1523 859 1679 918 διδομένων,
1713 859 1737 910 εἰ
1758 853 1788 910 δέ
1806 857 1885 908 τοῦτο

1151 925 1338 1008 παραμεληθῄ,
1358 921 1469 976 δίδωσιν
1487 921 1501 976 ό
1518 923 1785 998 άρχωνπε-ντηκοντα
1796 921 1886 996 λίτρας

1151 1001 1195 1048 καί
1220 1015 1236 1060 η
1261 991 1333 1056 τάξις
1360 989 1440 1046 αὐτοῦ
1466 991 1493 1042 κ’
1515 999 1560 1044 καί
1583 991 1596 1048 ὁ
1619 991 1845 1070 στρατευσάμενος
1865 991 1884 1042 ι’

1151 1069 1195 1116 καὶ
1213 1059 1368 1130 ἐκβάλλεται
1386 1063 1429 1110 καὶ
1446 1057 1473 1110 οἱ
1489 1057 1787 1136 ψευδομαρτυρήσαντες
1798 1077 1886 1128 σωμα-

1151 1133 1231 1184 τικάς
1253 1129 1434 1200 τιμωροῦνται
1456 1131 1500 1178 καί
1523 1129 1551 1178 αἱ
1569 1135 1661 1182 acerui
1676 1135 1731 1184 τοῖς
1748 1127 1888 1204 πριβάτοις

1152 1197 1303 1270 εἰσάγονται
1320 1193 1436 1262 κινδύνῳ
1454 1197 1503 1246 τοῦ
1520 1195 1639 1258 κόμητος.
1695 1195 1696 1198 ’
1884 1221 1885 1226 =

1120 1265 1155 1324 21
1178 1267 1264 1322 ⁵ldem
1281 1267 1312 1320 A.
1331 1263 1428 1318 Menae
1439 1281 1490 1334 pp.
1530 1261 1558 1314 Si
1580 1279 1704 1330 praeseus
1722 1267 1827 1346 qiridem
1845 1265 1887 1326 sit,

1086 1339 1131 1406 qui
1147 1335 1287 1406 pecuniam
1305 1345 1459 1386 numerasse
1475 1331 1516 1384 vel
1534 1329 1599 1384 alias
1624 1345 1664 1384 res
1682 1333 1786 1390 dedisse
1804 1333 1886 1414 scrip-

1085 1411 1129 1460 tus
1148 1407 1194 1468 est,
1213 1403 1327 1470 aliquam
1343 1415 1404 1454 vero
1430 1397 1683 1452 administrationem
1700 1399 1728 1452 iu
1745 1403 1887 1468 proviucris

1084 1477 1166 1542 gerat,
1184 1475 1215 1524 ut
1232 1471 1339 1522 diltictle
1356 1483 1413 1522 esse
1427 1467 1547 1522 videmur
1564 1465 1788 1522 denuntiatorem
1805 1469 1887 1522 eidem

1085 1557 1137 1596 non
1155 1543 1307 1594 numeratae
1325 1537 1454 1606 pecuniae
1471 1537 1581 1600 mittere,
1599 1533 1734 1588 licentiam*
1745 1535 1836 1590 domus
1855 1537 1887 1600 ei,

1086 1609 1131 1678 qui
1163 1611 1306 1660 memorata
1336 1603 1490 1672 exceptione
1519 1603 1559 1656 uti
1589 1601 1663 1668 velit,
1695 1603 1761 1656 alios
1787 1603 1887 1656 iudices

1086 1675 1158 1732 adue
1176 1677 1257 1754 etper
1268 1675 1330 1728 eos⁶
1347 1671 1526 1736 manifestare,
1545 1669 1588 1724 cui
1603 1669 1783 1738 exceptionem
1796 1669 1887 1724 huius-
1914 1705 1915 1708 =

1086 1743 1156 1800 modi
1175 1741 1263 1810 obicit,
1286 1741 1385 1794 iactam
1403 1755 1419 1794 a
1436 1755 1464 1794 se
1482 1753 1561 1806 super
1579 1755 1632 1792 non
1652 1747 1790 1792 numerata
1806 1753 1887 1804 pecu-

1089 1819 1099 1866 1
1136 1811 1215 1864 cunia
1237 1811 1378 1878 querellam
1395 1823 1461 1862 esse.
1497 1807 1573 1874 Quod
1595 1807 1619 1860 si
1635 1821 1688 1858 non
1705 1807 1740 1858 sit
1757 1807 1824 1858 alius
1842 1805 1888 1858 ad-

1086 1881 1248 1934 ministrator
1271 1879 1352 1932 civilis
1370 1877 1411 1930 vel
1433 1875 1554 1930 militaris
1571 1875 1612 1928 vel
1629 1889 1676 1942 per
1692 1873 1807 1942 aliquam
1825 1889 1887 1926 eau-

1087 1965 1143 2004 sam
1160 1945 1267 2002 difficile
1285 1947 1320 2000 sit
1336 1945 1359 2000 ei
1379 1945 1422 2014 qui
1436 1947 1607 1998 memoratam
1622 1941 1764 2008 querellam
1779 1939 1890 2008 opponit

1087 2017 1161 2072 adire
1186 2031 1245 2068 eum
1270 2021 1295 2068 et
1319 2029 1438 2082 eaquae
1461 2011 1533 2066 dicta
1550 2011 1728 2090 sentiscere,
1755 2009 1888 2064 licentiam

1088 2087 1179 2140 damus
1198 2087 1224 2136 et
1241 2099 1287 2152 per
1298 2083 1384 2136 virum
1400 2081 1638 2136 reverentissimum
1655 2093 1809 2146 episcopum
1826 2091 1888 2154 ean·

1088 2155 1146 2208 dem
1169 2165 1242 2206 suam
1266 2151 1447 2218 exceptionem
1470 2149 1592 2202 creditori
1615 2145 1785 2200 manifestare
1808 2147 1889 2198 etita

1088 2227 1102 2276 2
1141 2225 1245 2290 tempus
1269 2225 1398 2274 statutum
1424 2219 1623 2284 interrumpere.
1661 2215 1737 2280 Quod
1760 2215 1839 2268 etiam
1861 2211 1889 2264 in

1088 2289 1242 2356 exceptione
1268 2305 1322 2344 nou
1348 2291 1500 2340 numeratae
1526 2285 1594 2338 dotis
1616 2281 1824 2354 locumj'habere
1847 2295 1888 2332 re-

1088 2359 1208 2428 ceptum⁷
1226 2361 1274 2410 cst.
1314 2355 1347 2410 l).
1367 2353 1392 2410 lc.
1411 2353 1478 2408 Iul.⁸
1497 2351 1730 2422 Constantinopoli
1747 2351 1791 2404 du.
1808 2347 1890 2402 Iusti-

1088 2427 1170 2480 αιάασ
1188 2425 1219 2478 A.
1238 2437 1353 2480 recens.
1772 2419 1807 2488 [a.
1827 2415 1888 2484 528]

1121 2491 1161 2548 22
1181 2487 1222 2544 ⁹‘O
1240 2491 1318 2548 αὐτὸς
1334 2489 1458 2560 βασιλεὺς
1476 2489 1558 2554 Mnus}
1580 2483 1687 2560 ἐπάρχω
1706 2491 1889 2560 πραιτωρίων.

1086 2557 1187 2616 Οὐδένα
1205 2559 1389 2630 ἐμβάλλεσθαι
1406 2563 1436 2610 ἐν
1453 2557 1556 2642 φυλακῇ
1574 2553 1635 2620 δίχα
1648 2553 1817 2624 προστάξεως
1832 2555 1890 2606 τῶν

1088 2629 1156 2684 κατά
1178 2629 1228 2714 rip
1245 2625 1390 2698 εὐδαίμονα
1412 2647 1514 2692 ταυτην
1532 2619 1645 2690 πόλινῆ
1668 2627 1697 2674 ἐν
1718 2623 1832 2694 ἐπαρχία
1849 2623 1889 2702 ἐν;

1088 2695 1176 2760 δόξων
1199 2719 1215 2764 η
1236 2695 1425 2770 περιβλέπτων
1448 2691 1464 2760 ἢ
1493 2689 1690 2764 λαμπροτάτων
1713 2687 1852 2762 άρχόντων
1874 2709 1890 2752 η

1090 2773 1101 2818 1
1137 2767 1196 2818 τῶν
1214 2767 1242 2818 ἐν
1259 2769 1317 2818 ταῖς
1334 2763 1445 2818 πόλεσιν
1463 2759 1576 2812 ἐκδίκων
1586 2755 1749 2828 βουλόμεθα.
1782 2755 1843 2812 Ἐπὶ
1862 2755 1890 2810 δὲ

1088 2835 1146 2888 τῶν
1163 2831 1359 2902 ἐμβληθέντων
1377 2827 1392 2896 ἢ
1409 2827 1617 2898 ἐμβαλλομένων
1634 2827 1694 2880 τοὺς
1716 2823 1889 2896 θεοφιλεστά-

1088 2919 1147 2954 τους
1164 2905 1223 2954 τιῖιν
1239 2899 1335 2954 τόπων
1352 2899 1512 2952 ἐπισκόπους
1533 2901 1599 2966 μίαν
1616 2895 1723 2962 ἑκάστης
1745 2893 1890 2966 ἑβδομάδος

1087 2965 1188 3040 ἡμέραν
1208 2965 1258 3034 τὴν
1278 2965 1394 3040 τετράδα
1417 2963 1432 3034 ἢ
1455 2965 1505 3032 τὴν
1522 2965 1691 3036 παρασκευὴν
1708 2963 1768 3018 τούς
1787 2967 1816 3016 ἐν
1833 2965 1890 3014 ταῖς

1088 3037 1216 3108 φυλακαῖς
1238 3033 1428 3106 διερευνᾶσθαι
1450 3039 1495 3086 καὶ
1517 3033 1569 3086 σὺν
1590 3027 1711 3104 ἀκριβείᾳ
1736 3031 1891 3112 μανθάνειν

1087 3105 1134 3158 τὰς
1149 3107 1196 3172 τῆς
1214 3099 1304 3156 αὐτῶν
1321 3105 1431 3170 κατοχῆς
1448 3103 1596 3154 uitiasset
1613 3101 1665 3154 εἴτε
1682 3103 1783 3152 οἰκέται
1797 3119 1890 3168 τυγχα-

1087 3191 1160 3226 νοιεν
1176 3169 1250 3224 ὄντες
1268 3171 1320 3224 εἴτε
1337 3169 1484 3244 ἐλεύθεροι,
1502 3169 1554 3220 εἴτε
1571 3175 1617 3222 ἐπὶ
1629 3169 1761 3242 χρήμασιν
1775 3169 1827 3220 εἴτε
1846 3169 1890 3220 ἐπὶ

1088 3239 1176 3292 ἄλλοις
1207 3239 1367 3310 ἐγκλήμασιν
1399 3239 1452 3292 εἴτε
1482 3241 1527 3290 ἐπὶ
1563 3235 1654 3306 φόνοις
1690 3235 1890 3304 ἐμβεβλημένοι.

1089 3315 1103 3362 2
1139 3307 1356 3380 Παρασκευάζειν
1381 3305 1442 3358 τούς
1468 3303 1653 3368 ἐνδοξοτάτους
1677 3309 1722 3356 καί
1748 3299 1889 3376 περιβλέπ-

1088 3393 1148 3430 τους
1170 3381 1215 3428 uui
1238 3373 1439 3446 λαμπροτάτους
1460 3371 1588 3444 ἄρχοντας
1610 3371 1708 3438 ταύτης
1729 3393 1758 3424 τε
1781 3375 1826 3438 τῆς
1850 3365 1889 3422 εὐ-

1089 3443 1214 3512 δαίμονος
1235 3443 1338 3498 πόλεως
1359 3447 1404 3494 καί
1426 3445 1485 3496 τάν
1503 3445 1639 3514 ἐπαρχιῶν
1657 3443 1743 3492 έκεῖνο
1761 3439 1890 3514 πράττειν

1088 3505 1131 3568 ἐπ’
1153 3509 1252 3576 αὐτοῖς,
1275 3507 1344 3582 άπερ
1367 3505 1383 3578 ἡ
1400 3509 1466 3584 πρὸς
1482 3509 1542 3562 τούς
1559 3507 1746 3570 ἐνδοξοτάτους
1763 3507 1890 3580 ἐπάρχους

1088 3585 1149 3664 περὶ
1174 3577 1270 3632 τούτυυ
1296 3579 1523 3650 καταπεμφθεῖσα
1548 3577 1614 3628 θεία
1640 3571 1716 3646 aipein
1742 3573 1888 3648 διαγορεύει

1088 3645 1214 3712 διαταξις,
1232 3643 1320 3700 ddecus
1339 3643 1476 3716 διδομένης
1496 3651 1550 3698 τοῖς
1567 3643 1635 3698 κατὰ
1655 3667 1700 3696 και
1718 3643 1749 3696 ὸν
1767 3643 1889 3714 θεοφιλε-

1088 3715 1194 3768 στάτοις
1211 3715 1379 3778 ἐπισκόποις,
1402 3717 1428 3768 ci'
1447 3735 1510 3768 τινα
1532 3715 1671 3788 ῥᾳθυμίαν
1687 3663 1771 3766 ἴδοιεν
1787 3715 1889 3784 γινομέ-

1088 3803 1139 3848 νην
1156 3781 1229 3854 παρὰ
1245 3785 1304 3838 τῶν
1319 3781 1388 3834 κατὰ
1405 3781 1498 3856 καιρὸν
1516 3781 1699 3844 ἐνδοξοτάτων
1715 3787 1761 3832 καί
1779 3777 1889 3852 μεγαλα·

1090 3951 1215 4002 Parca'rla
1228 3955 1263 4002 cd
1280 3955 1358 4004 Conse.
1376 3965 1395 4016 r,
1415 3963 1427 4002 s
1481 3955 1511 4012 tr)
1529 3975 1562 3994 a
1583 3951 1661 4000 Conse.
1723 3951 1754 4012 (a)
1775 3975 1806 3994 π
1824 3953 1848 4014 4,
1862 3961 1898 4014 co,

1090 4029 1152 4082 rue.
1164 4031 1186 4070 v:
1203 4021 1274 4084 inape
1292 4025 1315 4084 4,
1326 4033 1389 4084 aru
1408 4023 1431 4084 4,
1442 4031 1520 4082 ro,1s.
1537 4021 1560 4082 4,
1571 4029 1602 4080 u,
1614 4029 1644 4068 n.
1658 4021 1681 4082 4,
1695 4029 1731 4078 so,
1742 4021 1782 4070 ist
1800 4021 1824 4078 5,
1834 4029 1866 4084 rs,
1877 4031 1898 4072 a.

1091 4089 1209 4152 10,11,4
1292 4089 1325 4150 (a)
1349 4087 1435 4138 eiius.
1456 4089 1471 4138 λ.
1490 4105 1549 4152 pem.
1635 4087 1668 4150 (t)
1692 4089 1788 4136 certum
1807 4089 1821 4138 l.
1838 4107 1898 4154 pera.

1088 4157 1122 4218 (s)
1141 4157 1197 4206 Iun.
1215 4173 1260 4208 ser.
1280 4177 1331 4208 eam
1347 4159 1370 4220 5,
1384 4167 1417 4218 rs,
1433 4167 1453 4208 s.
1474 4159 1512 4218 ltt,
1529 4165 1593 4218 aar
1675 4155 1707 4218 te)
1731 4157 1889 4220 certas

1088 4235 1107 4286 s,
1125 4227 1147 4288 c)
1167 4233 1232 4274 extat
1249 4227 1273 4276 in
1295 4225 1370 4276 Call:
1388 4225 1459 4290 tuape
1477 4243 1497 4274 ι,
1513 4235 1539 4276 es
1559 4225 1580 4272 l.
1599 4233 1614 4274 u
1634 4225 1656 4288 9,
1670 4235 1721 4288 ur.
1740 4225 1808 4288 9,ιι,
1820 4237 1846 4276 rc

233 4355 1886 4388 mmmmm-Q

272 4449 307 4506 17
324 4451 440 4518 Quando
456 4453 495 4526 ¹in
518 4453 624 4508 ciuitate
649 4453 744 4526 alique
770 4473 840 4528 opus
863 4459 916 4512 crit
936 4457 1034 4522 dtona,

236 4519 368 4600 arbitratu
390 4525 416 4576 ci
439 4521 568 4600 electione
589 4523 798 4594 uniuscuiusque
827 4525 943 4580 ciuitatis
966 4525 1035 4598 epis·

236 4597 295 4662 Oppi
319 4597 346 4642 et
365 4605 458 4642 aarum
481 4605 527 4660 pm
547 4597 619 4644 anter
629 4607 805 4660 possessores
815 4593 951 4664 primates
973 4599 1037 4648 suut

194 4691 196 4694 .
236 4667 292 4708 ωας
316 4657 408 4712 electio
432 4657 492 4726 fiet,
517 4675 573 4712 non
593 4675 651 4730 pro
674 4657 788 4714 arbitrio
811 4661 964 4732 stipantium
987 4675 1035 4714 nec

236 4735 271 4798 tp
295 4723 455 4792 quibuslibet
476 4725 618 4798 personis,
643 4727 692 4780 sed
716 4743 753 4780 erc
778 4729 845 4782 solis
870 4729 1035 4800 officialibus

235 4801 290 4842 mus
307 4789 369 4858 loci,
386 4793 441 4848 sice
458 4793 571 4848 militent
586 4793 641 4848 sice
664 4793 759 4848 ordine
776 4795 962 4864 abscesserint,
980 4813 1035 4870 per

234 4867 318 4932 supra
340 4859 428 4940 dictps
444 4877 582 4984 perseum
603 4861 640 4916 cd
660 4861 788 4918 sitoniam
808 4863 945 4934 elipensis,
969 4881 1035 4936 quo-

234 4935 309 5004 mam·
320 4927 434 4996 famlias
450 4945 477 4982 ιι
493 4935 587 5002 utpote
598 4929 627 4982 in
638 4929 755 5002 publicis
767 4933 884 5002 nepotiis
897 4933 944 4986 diu
957 4949 1035 4988 euer-

235 4995 307 5044 urea
332 4995 449 5050 uraniae
474 5013 581 5052 onase
623 4997 721 5052 edient.
770 4999 818 5120 pul
843 4999 927 5072 lepem
952 4999 1037 5056 eiciat

234 5057 397 5182 &molari
416 5065 558 5134 permittit,
612 5065 671 5120 XX
688 5065 751 5120 auri
782 5065 903 5122 ibrarum
925 5071 1035 5122 maltam

1618 4379 1722 4390 .*·-—-—-..

1085 4459 1137 4520 est,
1162 4453 1266 4510 derebus
1286 4457 1383 4510 solidis
1394 4475 1452 4528 pro
1469 4459 1504 4512 iis
1519 4459 1659 4516 soluendis.
1701 4465 1816 4534 quodsi
1832 4467 1886 4522 cio-
1912 4477 1913 4480 ’

1085 4525 1168 4602 latum
1208 4525 1290 4590 uerit,
1316 4543 1431 4596 praeses
1457 4525 1532 4582 dubit
1556 4529 1580 4582 L
1606 4529 1689 4584 libras
1714 4537 1741 4586 et
1766 4533 1887 4604 officium

1084 4609 1142 4648 ιιιιε
1158 4591 1189 4644 X
1228 4595 1319 4664 etqui
1335 4595 1363 4648 in
1381 4597 1503 4650 militiam
1519 4603 1642 4670 receptus
1658 4603 1699 4654 cst
1715 4597 1747 4652 X
1758 4609 1786 4656 et
1801 4617 1887 4656 renio·

1084 4665 1160 4714 uetur
1181 4665 1208 4714 ct
1227 4663 1275 4730 pai
1295 4663 1371 4732 falso
1391 4665 1479 4718 testati
1496 4671 1560 4720 suut
1575 4681 1690 4738 corpore
1708 4685 1817 4738 poenas
1833 4669 1887 4724 sol-

1085 4733 1150 4782 vunt
1171 4733 1198 4782 et
1219 4729 1318 4784 multae
1340 4731 1444 4786 comitis
1456 4733 1581 4804 periculo
1594 4735 1713 4812 priuatis
1730 4737 1885 4808 culpantur.

1118 4791 1255 4876 22nsdem
1272 4799 1303 4852 A.
1322 4795 1418 4854 Menae
1435 4819 1485 4872 pp.
1527 4801 1664 4856 Neminem
1686 4801 1715 4856 in
1737 4805 1886 4858 custodiam

1085 4867 1170 4918 conice
1196 4865 1317 4922 calaum
1342 4867 1446 4920 iniussu
1472 4867 1617 4924 illustrium
1637 4869 1679 4924 cel
1703 4873 1886 4942 spectabilium

1085 4933 1126 4988 vel
1150 4933 1358 4990 clamesimcrnm
1376 4933 1455 4990 baius
1478 4937 1564 4990 αίκιαε
1583 4937 1657 4990 urbis
1668 4939 1886 5016 prpmncia'ram-

1080 5005 1098 5052 '1
1127 5017 1179 5072 pue
1195 5003 1402 5080 mepistrataum
1419 5003 1461 5056 cel
1469 5003 1642 5074 defensorum
1660 5009 1803 5062 aestatum.
1828 5007 1887 5062 Eos

1084 5075 1173 5122 autem
1190 5085 1236 5140 pm
1252 5071 1350 5126 inclusi
1366 5077 1432 5126 sunt
1447 5071 1489 5126 eet
1505 5071 1674 5126 includentur
1690 5073 1887 5146 relipiosissimi

1085 5137 1206 5190 locorum
1238 5137 1359 5212 episcopi
1392 5155 1447 5192 ααα
1482 5141 1609 5210 caiusque
1643 5139 1815 5198 hebdomadis
1843 5143 1886 5194 die
1915 5153 1917 5164 ’

270 5189 306 5250 18
332 5193 435 5252 Milites
457 5197 558 5254 subditi
582 5201 659 5254 etin
676 5203 819 5282 praesidio
843 5203 982 5260 constituti
1006 5203 1034 5256 in
1058 5209 1061 5256 l
1085 5211 1183 5272 quarta
1205 5205 1247 5260 nel
1268 5213 1347 5260 secata
1364 5207 1510 5278 explorent
1526 5213 1554 5262 et
1569 5207 1711 5286 dilipenter
1727 5225 1825 5264 causas
1841 5209 1886 5262 de-

234 5259 339 5342 cadibus
363 5265 421 5318 suis
445 5265 547 5336 species
572 5267 606 5320 ab
629 5269 760 5350 apricolrs
782 5271 900 5326 ciuitatis
926 5273 1035 5342 eiusque

234 5337 352 5410 remonis
377 5347 447 5410 pro¹
464 5335 582 5410 canariis
611 5353 668 5390 sues
698 5337 833 5392 arbitratu
863 5341 984 5412 episcopi
1009 5343 1035 5392 et

233 5397 366 5458 praesides
388 5407 525 5476 accipiant
541 5403 583 5456 cel
607 5403 773 5474 defensoris,
799 5407 824 5460 ω’
842 5425 958 5480 praeses
979 5423 1034 5462 non

233 5467 285 5514 est:
309 5481 359 5518 nec
376 5473 489 5546 cupetur·
500 5467 616 5544 collator
632 5473 834 5530 adamationem
842 5481 999 5554 praestare.

266 5525 305 5608 20
329 5531 398 5606 Imp.
417 5531 586 5614 lucaniacus
602 5539 633 5590 A.
678 5539 762 5596 Nemo
789 5543 905 5608 militat,
926 5545 980 5596 nisi
1004 5543 1034 5596 in

233 5603 300 5676 actes
323 5601 371 5654 sub
394 5607 474 5656 bium
499 5605 648 5658 testimonio
671 5607 804 5678 adpositis
828 5611 930 5664 sanctis
948 5627 1033 5666 ¹cean-

233 5663 309 5726 pelus
334 5665 502 5724 Christianus
527 5667 699 5726 orthodoxus
725 5677 925 5748 comprobetur,
951 5677 1035 5750 pestis

233 5731 306 5798 uprrd
327 5737 479 5804 praesidem
505 5737 684 5808 emcipimdis,
716 5743 765 5796 sub
792 5761 846 5814 pue
870 5745 1035 5800 militaturus

308 5821 333 5864 u.

1086 5273 1212 5326 levationis
1232 5289 1325 5328 eorum
1345 5273 1487 5344 inquirant
1509 5281 1536 5330 et
1551 5293 1655 5330 serum
1677 5293 1712 5332 an
1730 5277 1807 5332 liberi
1823 5277 1885 5340 sint,

1083 5355 1155 5416 αισα,
1163 5345 1281 5410 propter
1302 5359 1348 5396 aes
1370 5341 1487 5396 alienum
1505 5359 1539 5396 an
1551 5349 1669 5416 propter
1689 5343 1759 5398 alias
1776 5359 1885 5396 accusa-

1085 5409 1098 5458 2
1133 5411 1220 5466 ¹teones
1245 5409 1287 5464 cel
1312 5409 1344 5464 ob
1372 5407 1542 5464 homicidium
1567 5411 1664 5464 inclusi
1685 5411 1745 5464 sint.
1788 5407 1886 5464 Carent

1082 5473 1258 5542 mapistrctus
1274 5477 1392 5532 illustres
1409 5483 1437 5530 et
1448 5477 1607 5548 spectabiles
1616 5483 1642 5532 ct
1650 5477 1794 5530 clarissimi
1805 5475 1885 5532 buius

1083 5539 1170 5594 almae
1195 5543 1269 5596 urbis
1289 5545 1547 5616 prouinciarumque
1568 5563 1601 5598 ec
1621 5545 1650 5596 in
1666 5545 1700 5596 iis
1722 5543 1792 5608 fieri,
1814 5561 1885 5614 quac

1082 5623 1163 5660 saera
1172 5611 1328 5666 constitutio
1343 5619 1438 5668 nostra
1454 5613 1491 5666 ud
1502 5613 1622 5666 illustres
1632 5609 1793 5728 praefectos
1799 5629 1882 5684 prce·

1085 5675 1155 5754 terto
1180 5693 1212 5728 ec
1235 5677 1266 5732 de
1288 5697 1319 5734 rc
1341 5683 1423 5734 inissa
1436 5679 1587 5752 praecipit:
1609 5677 1673 5728 data
1705 5677 1804 5736 inentia
1821 5683 1883 5738 reli-

1083 5743 1241 5812 pvoscssimis
1253 5763 1309 5816 pro
1329 5755 1446 5818 tenrpore
1463 5745 1610 5818 episcopis,
1632 5743 1657 5796 si
1679 5743 1745 5812 quid
1758 5761 1885 5818 praeter·
