4266 6266
246 361 286 426 Vl
309 365 358 430 48.
382 367 420 428 49
1046 353 1107 424 tlt
1167 349 1168 352 '
1352 377 1399 424 nn
1423 377 1568 428 sumanus
1590 371 1790 422 oonsouuuu
1811 367 1908 416 uanus

922 453 1223 466 ...Μ-Μ

244 543 1048 680 11111,11144111111111111141
1097 539 1246 672 11141·
1260 539 1545 664 ,tollutae
1559 535 1906 674 tltlttbhltttt

243 681 321 734 δόσιν
337 677 405 730 εἶναι
422 683 466 732 καὶ
483 677 617 746 μηδέποτε
634 675 782 732 παύεσθαι.
1097 677 1252 734 hereditatis
1275 677 1439 740 restituitur,
1463 679 1640 734 successionis
1665 691 1746 732 onera
1769 691 1818 728 seu
1835 673 1906 740 lega·

246 755 273 802 tl
313 747 360 800 1Τό
378 741 444 800 αὐτὸ
462 751 506 800 καὶ
524 749 569 800 tut
587 743 742 818 συνημόροις
758 749 852 818 κρατεῖ
864 751 909 798 καὶ
923 743 1047 802 deducat·
1097 755 1186 804 torum
1198 745 1406 814 praestationem
1420 761 1470 812 pro
1481 749 1641 814 competenti
1651 747 1774 816 portione
1786 743 1907 820 spectare

245 821 273 870 19
309 813 362 882 λσις
378 819 423 866 καὶ
445 811 631 888 στρατιώταις.
672 819 728 866 Καὶ
749 815 774 866 εἰ
790 813 914 884 μηδαμοῦ
939 815 969 870 τό
992 815 1046 884 διή-
1071 839 1073 898 ρ
1097 815 1239 870 indubitati
1256 815 1322 868 iuris
1340 817 1389 866 est.
1427 811 1482 866 PP.
1502 815 1601 868 1111116
1622 815 1647 866 lc.
1668 815 1735 870 Νου.
1755 811 1905 882 Pereqreuo

308 885 391 936 νεκῶς
409 883 478 950 εἴπη,
500 881 567 936 ἀλλὰ
583 887 638 936 ταῖς
656 881 684 946 ἐξ
701 881 793 936 αὐτῶν
811 881 958 952 βουληθείη
977 883 1046 938 dtio-
1071 899 1073 916 ²
1097 893 1124 940 ei
1140 883 1292 938 Aemiliano
1311 897 1398 936 collos.
1793 887 1827 944 [a.
1846 881 1904 940 244]

243 955 273 1006 19
308 951 385 1034 plna
421 939 474 1004 Καὶ
492 947 564 1072 μότε
584 955 660 1036 μέχρι
677 959 768 1034 τρίτης
785 947 909 1034 {eudoxie
925 953 957 1004 τὸ
973 959 1047 1040 μένος
1133 949 1286 1072 32111μὲ1).
1316 947 1542 1070 Carfitstlsssatiuus
1568 953 1595 1004 et
1610 947 1803 1070 hliuttgorianus
1825 947 1904 1068 ΑιέῙΑ.

242 1091 273 1144 ιι
308 1019 1048 1174 tutaeettuttuuqutttttttitu
1099 1021 1367 1154 {attitulatis
1382 1031 1674 1140 eistettensi
1689 1023 1906 1162 tttsttutt

308 1151 461 1226 προσθήσει
482 1153 512 1208 λε
533 1161 577 1208 καὶ
600 1159 655 1208 τοῖς
676 1157 707 1218 ἐξ
732 1157 824 1208 αυτύν
847 1177 864 1224 η
886 1153 1047 1228 προσθήσει.
1097 1159 1131 1210 ab
1153 1157 1281 1212 intestato
1307 1169 1413 1224 quoque
1434 1155 1522 1208 locum
1541 1155 1628 1214 habet.
1649 1157 1860 1232 quartae'partrs
1878 1153 1906 1204 et

242 1229 271 1278 21
308 1227 363 1276 Καὶ
387 1229 450 1298 περὶ
473 1227 534 1290 τού,
561 1225 585 1276 αι’
609 1219 759 1292 τελευτήσει
785 1227 831 1280 ἐπὶ
853 1223 967 1280 πάντων
989 1229 1047 1280 τῶν
1097 1225 1200 1280 fructus
1223 1225 1280 1280 eius
1302 1223 1377 1278 robis
1401 1223 1535 1278 restitutio
1559 1223 1694 1292 competit.
1736 1219 1800 1276 iiiuc
1820 1219 1863 1274 dre
1880 1223 1907 1274 et

241 1297 272 1346 22
307 1289 438 1362 θεμάτων
455 1291 492 1346 cle
512 1293 543 1356 ἐξ
565 1293 664 1354 noceo,
686 1297 717 1344 τί
736 1299 849 1364 γίνεται.
883 1289 945 1346 Κᾶν
966 1291 1046 1364 δευρί·
1097 1295 1214 1348 romule.

307 1379 398 1428 σηται,
423 1367 453 1414 τό
476 1361 526 1432 χρὴ
548 1355 696 1428 λαμβάνειν
719 1365 842 1424 ἕκαστον,
866 1361 882 1428 ἢ
904 1357 953 1430 μή,
979 1357 1046 1414 ἀλλὰ
1130 1361 1267 1434 4⁷lrupp.
1287 1357 1476 1416 Diocletianus
1493 1363 1519 1414 et
1532 1357 1722 1412 Maximianus
1738 1359 1794 1412 ΛΑ.
1813 1363 1839 1412 et
1856 1355 1903 1410 CC.

306 1431 389 1484 πᾶσιν
412 1427 468 1498 όμα
486 1433 557 1550 ίμίαν
580 1425 720 1508 ποσότητα
746 1427 897 1502 καταλείυμ
924 1427 1047 1484 κελεύσας
1096 1427 1250 1494 Quintiano.
1286 1429 1348 1484 Non
1364 1427 1464 1482 iustam
1481 1433 1507 1482 te
1524 1443 1617 1508 gerere
1634 1427 1839 1506 sollicitudiuem
1857 1439 1905 1504 per

241 1501 271 1552 23
307 1495 434 1566 διηνεκῶς
457 1495 486 1550 δι’
502 1499 587 1550 εσθαι
609 1515 641 1548 το
664 1495 855 1568 καταλειφθέν.
898 1503 952 1550 Καὶ
970 1499 993 1550 εἰ
1010 1497 1046 1568 μή
1095 1497 1325 1552 fideicommissum
1349 1497 1459 1550 relictae
1481 1503 1611 1566 porucnrs
1632 1495 1785 1550 hereditatis
1802 1509 1905 1562 perspi-

241 1569 272 1622 24
306 1563 458 1640 προσθήσει
474 1563 506 1616 τό
523 1563 654 1632 ’διηνεκῶς
671 1563 810 1620 δίδοσθαι.
851 1571 906 1618 Καὶ
923 1561 966 1622 ὅτι
983 1565 1045 1622 λιπε-
1097 1565 1179 1620 cimus
1195 1571 1336 1634 verentem,
1355 1583 1389 1620 ue
1405 1565 1522 1620 fructum
1541 1565 1647 1618 amittas
1666 1561 1752 1618 rolicti
1769 1563 1904 1616 fideicom-

307 1633 435 1706 λεύθερυε
451 1629 632 1706 ἀπελευθέρου
650 1625 779 1688 υύόέπετε
796 1631 862 1706 πρὸς
876 1633 908 1688 τὸ
923 1637 1046 1688 τοιοῦτον
1096 1635 1176 1700 missi,
1195 1633 1319 1702 quonium
1338 1635 1398 1688 utta
1415 1633 1552 1688 testatoris
1571 1649 1604 1688 ex
1617 1635 1695 1700 parts
1710 1631 1811 1700 scripta
1828 1631 1910 1682 heres·

306 1701 426 1754 καλεῖται
453 1697 576 1772 λήγότον,
608 1703 631 1752 εἰ
662 1703 699 1768 μή
731 1703 819 1772 oncis
845 1697 858 1756 ό
886 1701 1046 1774 διαθέμενος
1097 1709 1123 1756 ε1
1139 1703 1190 1756 tibi
1206 1709 1300 1770 rogata
1317 1703 1459 1756 restituere
1478 1701 1625 1756 calliditate
1644 1705 1693 1754 εε8
1714 1699 1808 1754 fraude
1825 1713 1904 1766 repu-

240 1775 270 1824 25
305 1771 384 1824 τοῦτο
402 1765 624 1844 παρεκελεύσατο.
659 1775 714 1822 Καὶ
732 1773 756 1824 εἰ
774 1767 877 1838 ἑκάστῳ
896 1775 954 1826 τῶν
971 1771 1044 1826 πολε
1097 1771 1188 1836 diarii,
1211 1775 1243 1824 ut
1268 1771 1302 1824 ad
1325 1769 1408 1824 alium
1427 1777 1551 1838 nepotem
1568 1769 1732 1850 eundemque
1750 1767 1905 1822 coheredem

304 1839 363 1892 cair
389 1837 473 1910 ῥητὴν
498 1835 636 1904 ποσότητα
659 1837 776 1892 κελεύσει
800 1835 990 1908 διανέμεσθαι,
1017 1847 1047 1892 σι’
1094 1839 1250 1894 devolvatur
1267 1841 1368 1908 portic,
1394 1853 1410 1892 a
1433 1853 1486 1906 quo
1507 1839 1554 1892 tibi
1571 1837 1728 1892 nominatim
1745 1853 1799 1892 non
1817 1835 1905 1888 fuerat

239 1909 270 1960 26
304 1911 408 1976 γίνεται
425 1911 469 1958 καὶ
485 1907 729 1980 conprendimus.
758 1911 825 1960 2Καὶ
841 1913 901 1980 περὶ
916 1913 974 1962 τῶν
989 1907 1044 1976 ior,-
1095 1907 1326 1962 fideicommissum
1343 1907 1479 1978 relietum,
1504 1913 1530 1960 et
1548 1911 1642 1962 coacta
1661 1911 1811 1974 suspectam
1827 1903 1903 1958 here-

304 1975 387 2028 νυκτός
410 1971 627 2042 ἀπαιτουμένων,
650 1975 933 2046 καταλιμπανσμέναν
953 1975 983 2030 δὲ
1005 1981 1044 2030 ἐκ·
1095 1977 1205 2030 ditatam
1222 1977 1310 2042 adire,
1334 1975 1490 2044 priusquam
1508 1991 1557 2042 pro
1576 1973 1673 2030 herede
1690 1975 1802 2042 gereret,
1822 1973 1903 2026 rebus

305 2041 431 2110 uinctam,
454 2043 552 2104 §crasi
575 2037 768 2108 r'irrrcopstoic⁸
788 2041 806 2128 ᾗ
828 2041 950 2116 εύαγεσιν
966 2045 1046 2100 οἴκοις
1095 2045 1131 2098 sit
1153 2045 1276 2106 humanis
1301 2051 1438 2112 exempta:
1469 2059 1530 2098 cum
1553 2045 1611 2096 divo
1636 2043 1773 2096 Antonino
1798 2039 1902 2110 parent'

305 2105 377 2178 ἢτῷ
395 2111 477 2178 κοινῷ
494 2113 543 2164 τοῦ
556 2105 652 2182 κλήρου
666 2113 769 2166 παντὸς
786 2113 1045 2198 ηείςαίμμαλιότων
1094 2117 1186 2168 nostro
1219 2113 1309 2168 deberi
1342 2113 1420 2166 etiam
1452 2129 1469 2166 o
1495 2111 1645 2166 substitutis
1672 2109 1905 2166 fideicommissum

239 2183 269 2232 27
306 2177 380 2232 λύσιν
398 2175 414 2246 ἢ
433 2177 522 2232 αὐτοῖς
538 2183 592 2232 τοῖς
609 2183 726 2246 πτωχοῖς
742 2177 759 2248 ἢ
777 2179 962 2250 αἰχμαλιοτοις.
989 2187 1044 2236 Kal
1095 2181 1319 2250 conmmplatione
1341 2179 1434 2234 iudicii
1457 2181 1593 2234 testatoris
1618 2179 1694 2250 quasi
1711 2179 1791 2234 tacite
1809 2177 1843 2230 ab
1861 2177 1902 2230 his

305 2251 366 2318 aspi
389 2249 448 2312 roi,
473 2243 521 2300 έόιν
543 2265 583 2300 τις
605 2249 666 2320 εἴπῃ
689 2247 856 2332 κληρονόμον
875 2245 957 2306 αὐτοῦ
973 2257 1044 2324 ysod-
1094 2249 1235 2318 repetitum
1252 2251 1305 2304 iam
1323 2249 1424 2304 dudum
1441 2249 1581 2318 placuerit.
1616 2263 1702 2318 neque
1720 2247 1806 2300 91111119
1824 2259 1903 2314 quur-

305 2315 375 2368 σθαι
391 2315 441 2372 τὸν
458 2317 570 2402 πρῶτον
587 2315 730 2386 γινόμενον
746 2313 854 2372 ύπατον
870 2317 939 2388 μετὰ
959 2319 1044 2372 τελευ-
1094 2325 1138 2372 tae
1158 2321 1347 2384 retentionem,
1371 2333 1451 2386 quarn
1468 2317 1526 2384 illa,
1545 2333 1613 2386 quae
1630 2315 1810 2384 repudiaverit
1826 2315 1902 2368 here-

302 2381 353 2450 τήν
371 2379 450 2438 ainai
509 2383 559 2438 τόν
577 2381 721 2456 ἐρχόμενον
737 2387 774 2438 εἰς
790 2385 840 2442 τόν
855 2387 943 2468 τάμον
962 2385 1043 2442 atrei
1094 2387 1210 2454 ditatem,
1229 2387 1303 2442 adire
1321 2389 1417 2442 coacte
1435 2393 1587 2458 suspectant
1603 2387 1717 2438 retinere
1734 2401 1788 2438 non
1805 2383 1902 2452 pouit,

304 2447 321 2516 ip
344 2451 392 2504 τόν
415 2405 557 2506 &utiliora
580 2451 630 2520 τὴν
653 2453 794 2528 θυγατέρα
815 2453 897 2510 adron
920 2459 961 2524 τῷ
980 2453 1042 2524 ἰδίῳ
1094 2457 1188 2510 timere
1220 2455 1309 2510 debes.
1358 2453 1386 2510 S.
1420 2467 1450 2508 Vl
1478 2455 1514 2510 tu.
1541 2451 1593 2508 lut.
1625 2453 1815 2524 Philippopolt
1844 2451 1901 2504 ΑΑ.

303 2519 353 2586 υἱῷ
380 2515 396 2588 ἢ
422 2519 471 2574 τὸν
497 2519 731 2608 ἐπιμαμβρεύεντα
758 2519 834 2590 αὐτῷ
858 2519 876 2590 ἢ
902 2521 993 2596 ἕτερόν
1016 2545 1044 2578 τι
1094 2539 1179 2580 conss¹
1788 2527 1823 2586 [a.
1842 2523 1900 2584 293]

304 2585 407 2642 τούτοις
420 2587 617 2662 παραπλήσιον,
633 2591 691 2644 πῶς
705 2585 891 2646 ἀνυπόστατός
905 2593 963 2646 ἐστι
974 2613 1042 2648 παν·
1127 2589 1233 2648 illelom
1241 2593 1297 2648 Aa.
1313 2597 1341 2648 ei
1354 2591 1401 2646 CC.
1418 2589 1570 2646 unisono.
1600 2589 1638 2642 lit
1647 2591 1703 2642 sine
1713 2589 1846 2658 scriptura
1854 2603 1902 2656 per

305 2651 424 2722 ταχόθεν
442 2653 458 2724 ή
474 2653 585 2724 τοιαύτη
604 2657 729 2712 ἔνστασις
746 2657 792 2712 διὰ
809 2659 840 2712 τό
857 2657 894 2728 μή
908 2661 1044 2732 φέρεσθαι
1096 2667 1108 2714 1
1143 2659 1376 2716 fideicommissum
1397 2657 1626 2714 11ε1ε11111111εε1ε
1649 2657 1815 2726 relinquitur.
1850 2657 1901 2724 lgi-

304 2723 498 2798 aparatione
514 2723 754 2798 notatiunculam·
773 2723 833 2780 ἀλλ’
850 2723 912 2780 oles
928 2725 960 2796 λη
986 2727 992 2742 ’
1012 2747 1044 2782 σν
1094 2733 1138 2784 tur
1160 2729 1184 2782 si
1205 2735 1232 2784 te
1249 2733 1383 2784 uxortua
1400 2733 1427 2782 et
1443 2729 1593 2796 privignum
1610 2743 1689 2780 suum
1705 2725 1733 2780 in
1751 2725 1902 2780 discrimine

227 2815 229 2820 ·
304 2791 431 2848 aaronitas
462 2793 618 2866 προσώποις
648 2793 921 2866 καταλιμπανόμενον
952 2793 1043 2864 ισχύει.
1094 2797 1187 2852 mortis
1211 2797 1357 2852 consecuta
1375 2795 1526 2864 designavit
1547 2795 1613 2852 velle
1637 2795 1832 2850 successionem
1853 2793 1901 2848 oh·

238 2865 269 2916 29
305 2861 371 2912 4Καὶ
386 2855 428 2916 ότι
443 2865 587 2936 ἐπίτροπος
599 2859 732 2932 ἀφανέσιν
746 2859 777 2918 ού
790 2861 905 2918 δύναται
917 2861 1043 2932 δοθῆναι.
1094 2867 1191 2930 tinere,
1215 2881 1299 2936 usque
1322 2865 1357 2918 ad
1379 2865 1536 2918 dodrantem
1560 2863 1616 2918 eius
1634 2862 1796 2918 voluntatem
1813 2867 1901 2916 ratam

237 2935 268 2984 29
304 2929 359 2982 Καὶ
381 2927 423 2982 ότι
446 2927 477 2984 τό
498 2935 554 2984 τοῖς
577 2937 693 2996 πτωχοῖς
716 2929 987 3002 καταλιμπανόμενον
1006 2931 1043 3002 μή
1093 2933 1193 2990 serrari
1208 2933 1338 2998 convenit,
1355 2947 1415 2986 cum
1424 2933 1549 2988 intestato
1560 2933 1584 2988 ei
1595 2931 1768 2986 succedentes
1778 2931 1811 2984 de
1823 2929 1900 2984 resti·

302 2999 459 3066 νομιζέσθω
476 2997 584 3066 ἄθηλον.
844 3005 879 3068 [a.
899 3005 1041 3066 528--5291
1092 3003 1191 3056 tuendo
1214 3001 1417 3056 fideicommissa
1436 3007 1580 3056 conventos
1598 3001 1669 3056 tiltra
1687 3005 1809 3068 quartam
1830 3001 1901 3066 (aere

1092 3069 1179 3124 alieno
1198 3071 1332 3136 deducto),
1352 3085 1430 3140 quam
1441 3071 1461 3104 ¹⁰
1478 3085 1559 3140 penes
1578 3085 1623 3122 eos
1643 3069 1773 3122 sententia
1790 3071 1901 3122 senatus

959 3179 960 3182 ι
1094 3139 1207 3194 consulti
1232 3139 1300 3194 relin
1318 3137 1347 3192 ui
1371 3139 1523 3208 praecepit,
1550 3143 1654 3192 tantum
1678 3137 1797 3192 obtinere
1821 3149 1901 3206 posse

530 3209 747 3274 ΧΧΧΧἮΙΠ,5
1091 3209 1263 3278 praestiterit.
1300 3155 1326 3262 t*
1348 3221 1367 3260 r
1380 3205 1407 3260 lc.
1422 3203 1490 3284 Mai.
1509 3205 1592 3260 Sirmi
1611 3203 1658 3260 CO.
1676 3221 1763 3260 conss.
1791 3209 1825 3270 [α.
1840 3207 1899 3284 294]

274 3309 320 3358 υ
1091 3271 1901 3414 ..11441111911441·1111111191

270 3405 285 3464 1
316 3407 404 3480 intpp.
432 3407 547 3464 Seuerus
572 3413 600 3464 et
620 3409 776 3466 Antoninus
797 3411 852 3466 ΑΑ.
878 3409 978 3466 Proba
1014 3413 1043 3466 Si
1092 3411 1184 3482 aequis
1201 3383 1384 3482 partibus'vel
1400 3411 1521 3480 inaequis
1538 3385 1680 3464 he’redibus
1702 3409 1840 3476 institutis,
1858 3407 1899 3464 iu·

235 3491 267 3530 εκ
286 3481 393 3530 senatus
412 3477 533 3530 consulto
549 3481 654 3546 partem
670 3483 793 3548 quartam
807 3479 963 3534 hereditatis
977 3481 1040 3534 reti-
1091 3481 1175 3534 ricem
1196 3497 1244 3536 scu
1268 3479 1422 3548 simpliciter
1445 3479 1573 3548 quosdam
1596 3493 1629 3532 ex
1646 3477 1687 3532 his
1705 3485 1752 3532 aut
1770 3477 1899 3548 quendam

235 3545 317 3600 nuisti
342 3547 370 3598 et
395 3543 552 3600 dodrantem
574 3543 771 3602 fideicommissi
793 3547 945 3614 restituisti,
970 3550 1041 3618 quod
1091 3547 1231 3614 rogaverit,
1251 3549 1296 3618 qui
1310 3547 1384 3618 prior
1400 3547 1559 3602 sineliberis
1581 3545 1731 3614 decesserit,
1750 3545 1899 3616 portionem

236 3613 411 3668 creditoribus
424 3611 589 3668 hereditariis
604 3629 653 3682 pro
668 3631 762 3670 norem
771 3617 856 3670 unciis
866 3617 1041 3686 praestiteris,
1091 3617 1246 3672 hereditatis
1274 3631 1339 3672 suae
1366 3617 1502 3684 superstiti
1532 3631 1579 3670 seu
1606 3615 1794 3684 superstitibus
1807 3641 1808 3644 ε
1821 3615 1899 3668 resu-

235 3699 252 3736 a
272 3681 517 3736 fideicommissario
539 3685 630 3752 petere
647 3687 732 3752 potes.
769 3683 826 3740 PP.
845 3699 890 3738 rr
908 3683 933 3740 λ.
953 3685 1039 3758 April.
1065 3743 1067 3748 ,
1091 3689 1178 3752 tuere,
1202 3689 1233 3738 ut
1255 3684 1339 3740 modu
1364 3683 1487 3740 omuibus
1505 3689 1609 3740 retenta
1626 3691 1722 3752 quarta
1738 3701 1788 3752 pro
1805 3689 1899 3736 aucm-

235 3749 372 3806 Laterano
389 3755 417 3806 et
432 3749 533 3818 Rufino
551 3767 638 3806 conss.
927 3757 1039 3818 [α.1911
1065 3749 1068 3810 i
1091 3755 1170 3806 ritate
1193 3753 1354 3808 Trebelliani
1378 3759 1487 3808 senatus
1511 3753 1638 3818 consulti,
1665 3767 1719 3806 non
1741 3767 1789 3820 per
1811 3751 1898 3820 impu-

235 3923 265 3988 (1)
285 3929 297 3984 i
317 3935 403 3974 tt-te
421 3947 455 3968 =
473 3925 498 3974 B
566 3927 599 3988 (2)
618 3925 1040 4008 adieopertinctNomoc.2,1:
1065 3923 1070 4000 Ι
1091 3927 1149 3992 ipsis
1172 3927 1323 3992 pauperihus
1347 3925 1386 3976 rel
1410 3927 1528 3990 captivis,
1552 3925 1618 3976 valet
1641 3923 1753 3976 defuncti
1773 3923 1897 3986 voluntas}

233 3993 278 4042 uui
302 3991 332 4042 ἐν
353 3991 394 4056 τῷ
412 3987 482 4042 τέλει
504 3993 550 4058 τῆς
566 3987 647 4056 adripe
663 3989 823 4054 διαταξευεε·
846 3987 890 4050 ὅτι
909 3989 957 4046 ἐὰν
974 3991 1041 4064 πρὸς
1090 3997 1123 4058 (3)
1141 3995 1426 4058 πτυχεόειεΗεόεεόεεό
1442 4013 1493 4046 curn
1503 3995 1604 4046 Νεειεε,
1619 3995 1719 4060 (ncta),
1737 3989 1856 4058 manipulo
1874 3993 1898 4042 Β

233 4051 307 4140 ἅπαξ
331 4053 348 4124 ἢ
374 4055 480 4140 ἐτήρουν
505 4057 690 4146 καταλειμθῇ,
703 4055 866 4148 conspuent
893 4059 1041 4142 ἐκμλησίαις
1091 4067 1122 4126 (l)
1142 4065 1176 4112 acl
1195 4069 1206 4124 §
1227 4075 1254 4116 29
1271 4065 1395 4142 pertinent
1409 4063 1472 4140 lust.
1492 4067 1521 4142 2,
1535 4073 1571 4128 io,
1591 4071 1629 4114 tt:
1654 4065 1723 4140 tutor
1746 4063 1829 4112 eutem
1851 4075 1897 4140 nec

233 4125 1038 4266 111111111111111441111111....1
1089 4135 1272 4250 titillet
1286 4129 1898 4264 “titillatttttbtuttttoti

233 4265 287 4328 χοῖε
302 4257 320 4330 ἢ
336 4265 390 4316 τοῖς
408 4259 592 4332 αἰχμαλώτειε,
615 4269 708 4336 κρατεῖ
729 4261 746 4332 ἡ
767 4267 815 4318 τοῦ
833 4261 1039 4332 τελευτήσαντες
1089 4283 1156 4318 vere:
1173 4271 1236 4320 unde
1250 4279 1356 4334 apparet
1366 4285 1413 4334 pro
1427 4259 1560 4334 ἀφανέσιν
1568 4269 1720 4318 scribendum
1730 4285 1780 4318 esse
1793 4259 1897 4334 ἀφανὴε

233 4327 357 4406 βούλησις
378 4331 417 4394 (id
433 4343 468 4386 ια
488 4337 513 4382 et
535 4335 561 4382 in
584 4335 634 4386 fine
658 4335 766 4386 ciusdem
789 4337 988 4386 constitutionis:
1016 4337 1038 4386 si
1088 4339 1122 4398 (1)
1139 4337 1167 4388 Β
1184 4339 1225 4400 lt,
1244 4347 1256 4388 e
1273 4365 1308 4374 -
1328 4337 1365 4410 Of.
1381 4337 1442 4402 Βόα.
1461 4337 1527 4400 3111
1579 4337 1700 4400 1111111111
1717 4335 1787 4400 Ηαλ,
1805 4349 1856 4384 11111
1874 4333 1899 4384 P

233 4399 307 4452 semel
324 4401 363 4452 rei
386 4417 498 4452 annuum
521 4403 561 4466 pie
584 4403 700 4454 relictum
719 4403 798 4454 tuerit
815 4403 853 4454 vel
872 4403 981 4454 ecclesiis
998 4403 1037 4454 rel
1088 4407 1121 4468 (t)
1139 4407 1210 4472 iunpc
1228 4409 1252 4468 6,
1270 4415 1338 4468 tue
1395 4405 1431 4466 (8)
1448 4399 1465 4468 ἢ
1482 4407 1536 4454 ΒΣ
1547 4409 1580 4468 (κ.
1591 4407 1629 4470 π.)
1683 4403 1716 4466 (e)
1736 4403 1802 4454 euim
1820 4413 1896 4454 tuctur

232 4469 370 4520 xenonibus
393 4469 432 4522 vel
455 4469 561 4536 ptochiis
584 4469 623 4522 rel
648 4469 834 4522 venerabilibus
859 4473 972 4524 domibus
998 4473 1037 4524 rel
1087 4475 1140 4524 ΒΣ
1154 4473 1245 4538 (κτα),
1265 4475 1328 4524 delet
1345 4471 1479 4524 Mommsen
1553 4475 1598 4538 (to)
1616 4471 1683 4522 ultra
1701 4475 1815 4534 qtrartanr
1832 4485 1854 4524 a.
1873 4485 1894 4520 a.

232 4537 390 4588 universitati
412 4539 473 4590 oleri
491 4537 530 4590 rel
552 4539 584 4590 ad
605 4539 800 4606 redemptionem
823 4541 977 4606 captivorum
996 4541 1036 4592 rel
1087 4541 1193 4592 deducto
1210 4543 1295 4606 quem]
1313 4541 1434 4604 quantum
1452 4555 1474 4590 a.
1493 4557 1515 4592 a.
1533 4541 1639 4592 deducto
1658 4541 1788 4592 Maurusia

234 4657 426 4670 *nauh-m

233 4735 274 4794 vel
286 4735 386 4792 diurne
398 4739 536 4808 relinquit,
554 4755 586 4792 ea
600 4739 643 4794 bis
656 4755 765 4812 quaque
782 4741 829 4810 qui
845 4757 883 4796 en
899 4741 967 4812 ipsu
980 4743 1039 4798 nati
1089 4745 1120 4796 25
1164 4739 1216 4796 λου
1247 4741 1363 4796 iusserit.
1414 4739 1453 4796 Et
1477 4741 1502 4796 si
1526 4739 1643 4812 siupulis
1668 4739 1770 4796 ciuibus
1795 4745 1896 4796 eutem

233 4811 312 4862 aunt
328 4805 390 4860 dari
403 4807 529 4880 iniuupit,
544 4805 568 4860 si
581 4805 711 4864 adiecerit
724 4811 934 4880 inperpetuum,
950 4811 1037 4866 deae·
1088 4825 1218 4864 summurn
1244 4809 1371 4864 distribui
1393 4809 1516 4874 iusserit,
1549 4807 1617 4880 quid
1638 4809 1692 4878 fiat
1715 4813 1744 4862 et
1768 4809 1895 4880 puerunt-

204 4907 205 4910 =
236 4877 264 4928 11
287 4889 346 4950 ueru
350 4889 405 4944 per
424 4881 513 4930 etuarn
528 4889 586 4928 esse
598 4891 684 4946 neque
692 4893 820 4948 umquam
830 4895 942 4934 cessare.
962 4877 1037 4934 Iden
1089 4883 1120 4934 26
1158 4877 1266 4934 moduni
1293 4877 1437 4934 illudatur.
1481 4875 1521 4932 Et
1551 4877 1585 4930 de
1610 4877 1645 4930 iis
1670 4891 1740 4946 quae
1757 4883 1894 4956 perpetuo

233 4941 359 5020 elumen
375 4957 393 4994 α
413 4943 516 4998 uocans
530 4943 635 5012 opiner
650 4949 678 5000 et
688 4945 899 5016 professoribus
912 4951 940 5000 et
956 4947 1037 5000 nerli-
1082 4951 1217 5018 petuntur
1233 4947 1330 5000 relicta
1347 4945 1467 5000 ecclesiis
1484 4943 1638 5000 senonibus
1661 4943 1702 5000 vel
1714 4943 1837 5016 placitis
1853 4945 1896 5000 rel

236 5013 265 5064 to
300 5023 345 5064 cte.
381 5005 420 5064 lit
440 5011 466 5064 si
487 5011 633 5084 minimep
686 5019 776 5068 eiuurn
794 5013 911 5078 aluerit,
934 5015 983 5070 secl
999 5015 1038 5072 eis
1088 5013 1284 5070 renuntiatus
1311 5013 1434 5068 domibus
1458 5013 1501 5068 uel
1525 5013 1698 5068 universitati
1720 5013 1803 5066 totius
1829 5013 1896 5066 cleri

236 5083 264 5132 19
291 5075 339 5150 qui
355 5077 543 5156 enupsisnali
554 5085 635 5134 aunt
667 5081 711 5136 ari
725 5081 771 5138 eol
824 5081 846 5136 't
875 5081 1035 5152 Eiquando
1086 5081 1129 5138 uel
1144 5081 1182 5136 cd
1197 5081 1407 5154 redemptionem
1425 5097 1458 5136 ca
1480 5081 1594 5138 aarum
1612 5081 1655 5136 cel
1676 5081 1744 5158 ι’μεόε
1760 5081 1893 5152 pauperi-

232 5163 318 5270 {igque
333 5143 378 5270 iit
387 5147 497 5224 ternam·
509 5147 705 5270 ⁸²⁴⁶⁶⁶⁸ii⁰⁷²im
725 5149 836 5220 familia
852 5151 894 5204 uel
911 5149 981 5222 lepis
1000 5151 1037 5208 ad
1088 5153 1137 5272 ²t·
1154 5149 1203 5204 bus
1226 5151 1269 5206 uei
1289 5151 1410 5230 captiuis.
1442 5219 1447 5228 ι
1474 5157 1492 5204 t
1512 5151 1537 5204 si
1559 5149 1621 5270 αμα
1645 5147 1748 5204 aierent
1769 5147 1893 5204 baedam

232 5227 620 5364 attitulat-,utu
635 5219 1037 5366 iat‘tiat‘alilliail
1085 5235 1136 5340 tt
1148 5219 1893 5366 illinitimittititllittlttltllli

233 5357 263 5406 21
300 5349 344 5406 lus
365 5355 428 5428 nan·
446 5349 538 5404 aunt’
562 5351 604 5406 vel
625 5351 769 5408 addiderit.
809 5351 849 5408 Et
863 5369 888 5408 st
904 5369 933 5408 tn
952 5373 1035 5410 omni·
1085 5355 1128 5408 rel
1152 5371 1199 5424 qur
1222 5355 1311 5426 filiunt
1337 5371 1415 5408 suant
1440 5371 1527 5426 ipsius
1553 5353 1614 5424 filio
1640 5369 1669 5406 in
1694 5357 1893 5408 mouumentum

233 5419 282 5474 hus
304 5419 347 5474 itis
371 5415 478 5498 raudus
500 5433 570 5496 uuus
593 5435 685 5498 eorum
705 5427 830 5478 mortuus
844 5423 946 5494 fuerit,
969 5423 1036 5494 quid
1086 5421 1263 5478 collocaverit
1283 5423 1399 5490 eclipsi
1422 5439 1506 5494 peuer
1527 5423 1623 5492 sactus
1643 5419 1733 5498 fuerit
1753 5421 1796 5474 uel
1817 5421 1894 5474 aliud

234 5491 264 5542 22
296 5489 355 5558 fiat.
390 5477 834 5562 accumulatissimas
852 5491 949 5562 uisque
965 5493 1035 5546 ucri-
1086 5489 1152 5560 quid
1172 5489 1215 5546 liis
1236 5491 1337 5556 simile,
1361 5491 1497 5562 quomodo
1521 5489 1584 5546 talis
1606 5489 1740 5568 tristitudo
1759 5507 1801 5566 'cn
1820 5489 1893 5544 cinni

227 5573 297 5630 pere
314 5555 416 5634 debeat,
432 5553 554 5634 oelnon,
570 5553 620 5606 secl
636 5559 741 5612 uncus
755 5507 935 5612 uncianum
949 5575 1036 5630 quau·
1080 5563 1165 5630 parte
1180 5559 1282 5614 nullius
1298 5561 1426 5614 momenti
1442 5561 1479 5612 sit
1493 5559 1562 5624 ideo,
1583 5573 1648 5628 pura
1659 5555 1891 5626 properantiore-

233 5623 336 5678 titatem
352 5623 494 5696 reliquant
508 5627 536 5678 et
549 5627 688 5702 perpetuo
711 5625 741 5680 ici
764 5625 839 5698 quoti
854 5627 978 5682 relictum
995 5633 1035 5684 est
1085 5625 1127 5678 dis
1147 5643 1245 5684 nemen
1268 5627 1572 5682 coniecturarum
1596 5641 1629 5678 ne
1648 5623 1767 5694 tapetum
1784 5625 1890 5696 quictem

233 5697 264 5746 23
294 5693 437 5764 mactari
456 5691 594 5772 lassata..
614 5687 653 5744 Ετ
677 5693 702 5744 si
731 5711 786 5750 non
816 5693 946 5750 adiecerit
967 5713 1034 5768 per-
1085 5697 1116 5748 28
1147 5693 1280 5750 eiusnodi
1291 5697 1422 5776 personis
1439 5697 1561 5750 relictum
1579 5691 1656 5746 calet.
1684 5691 1723 5748 nt
1739 5709 1794 5772 non
1806 5709 1908 5766 posse·

232 5765 264 5816 24
293 5767 380 5832 petuo
404 5761 473 5816 dan.
512 5757 552 5814 Et
574 5757 697 5834 libertum
721 5759 810 5816 liberti
833 5779 978 5834 numquam
998 5763 1035 5818 acl
1085 5767 1116 5816 29
1152 5767 1268 5818 tutorem
1285 5765 1397 5818 incertis
1415 5765 1483 5820 dari.
1516 5761 1555 5816 Et
1571 5759 1647 5830 quod
1660 5759 1831 5834 pauperibus
1848 5777 1889 5816 re·

233 5827 384 5884 istiusmodi
402 5829 520 5900 λυμαίνει
540 5843 642 5890 coeam,
664 5825 719 5882 uisi
743 5829 898 5900 specialiter
922 5837 1034 5886 testator
1060 5857 1063 5868 v·
1084 5831 1175 5884 lictum
1193 5837 1234 5886 est
1250 5849 1305 5886 nou
1323 5831 1408 5888 υλόονί
1425 5831 1555 5888 tuentum
1573 5843 1637 5884 csse.
