<?xml version="1.0" encoding="UTF-8"?>
<!DOCTYPE html PUBLIC "-//W3C//DTD XHTML 1.0 Transitional//EN"
    "http://www.w3.org/TR/xhtml1/DTD/xhtml1-transitional.dtd">
<html xmlns="http://www.w3.org/1999/xhtml" xml:lang="en" lang="en">
 <head>
  <title>
</title>
<meta http-equiv="Content-Type" content="text/html;charset=utf-8" />
  <meta name='ocr-system' content='tesseract 3.04.00' />
  <meta name='ocr-capabilities' content='ocr_page ocr_carea ocr_par ocr_line ocrx_word'/>
</head>
<body>
  <div class='ocr_page' id='page_1' title='image "./corpusiuriscivi00kruegoog_0142.png"; bbox 0 0 4276 6266; ppageno 0'>
   <div class='ocr_carea' id='block_1_1' title="bbox 246 343 422 412">
    <p class='ocr_par' dir='ltr' id='par_1_1' title="bbox 246 343 422 412">
     <span class='ocr_line' id='line_1_1' title="bbox 246 343 422 412; baseline 0.011 -4"><span class='ocrx_word' id='word_1_1' title='bbox 246 343 278 408; x_wconf 89' lang='grc' dir='ltr'><strong>ΙΙ</strong></span> <span class='ocrx_word' id='word_1_2' title='bbox 301 347 422 412; x_wconf 80' lang='grc'><strong>32-39</strong></span> 
     </span>
    </p>
   </div>
   <div class='ocr_carea' id='block_1_2' title="bbox 1049 347 1105 420">
    <p class='ocr_par' dir='ltr' id='par_1_2' title="bbox 1049 347 1105 420">
     <span class='ocr_line' id='line_1_2' title="bbox 1049 347 1105 420; baseline 0 0"><span class='ocrx_word' id='word_1_3' title='bbox 1049 347 1105 420; x_wconf 79' lang='lat' dir='ltr'><strong>itt</strong></span> 
     </span>
    </p>
   </div>
   <div class='ocr_carea' id='block_1_3' title="bbox 1455 381 1910 434">
    <p class='ocr_par' dir='ltr' id='par_1_3' title="bbox 1455 381 1910 434">
     <span class='ocr_line' id='line_1_3' title="bbox 1455 381 1910 434; baseline 0.004 -4"><span class='ocrx_word' id='word_1_4' title='bbox 1455 383 1485 430; x_wconf 89' lang='lat' dir='ltr'><strong>SI</strong></span> <span class='ocrx_word' id='word_1_5' title='bbox 1508 381 1676 432; x_wconf 80' lang='lat' dir='ltr'>ADVERSUS</span> <span class='ocrx_word' id='word_1_6' title='bbox 1697 381 1910 434; x_wconf 69' lang='lat' dir='ltr'><strong>domusionem</strong></span> 
     </span>
    </p>
   </div>
   <div class='ocr_carea' id='block_1_4' title="bbox 929 447 1226 462">
    <p class='ocr_par' dir='ltr' id='par_1_4' title="bbox 929 447 1226 462">
     <span class='ocr_line' id='line_1_4' title="bbox 929 447 1226 462; baseline 0.007 -2"><span class='ocrx_word' id='word_1_7' title='bbox 929 447 1226 462; x_wconf 58' lang='lat' dir='ltr'><strong>mun-nunna</strong></span> 
     </span>
    </p>
   </div>
   <div class='ocr_carea' id='block_1_5' title="bbox 496 535 798 620">
    <p class='ocr_par' dir='ltr' id='par_1_5' title="bbox 496 535 798 620">
     <span class='ocr_line' id='line_1_5' title="bbox 496 535 798 620; baseline 0.017 -25"><span class='ocrx_word' id='word_1_8' title='bbox 496 535 607 598; x_wconf 81' lang='lat' dir='ltr'><strong>nunu</strong></span> <span class='ocrx_word' id='word_1_9' title='bbox 630 537 798 620; x_wconf 72' lang='grc'><strong>00000).1</strong></span> 
     </span>
    </p>
   </div>
   <div class='ocr_carea' id='block_1_6' title="bbox 248 633 1053 758">
    <p class='ocr_par' dir='ltr' id='par_1_6' title="bbox 248 633 1053 758">
     <span class='ocr_line' id='line_1_6' title="bbox 248 633 1053 692; baseline 0.005 -8"><span class='ocrx_word' id='word_1_10' title='bbox 248 635 281 684; x_wconf 88' lang='lat' dir='ltr'><strong>Sl</strong></span> <span class='ocrx_word' id='word_1_11' title='bbox 306 635 477 688; x_wconf 81' lang='lat' dir='ltr'><strong>ADVERSUS</strong></span> <span class='ocrx_word' id='word_1_12' title='bbox 503 633 721 688; x_wconf 83' lang='lat' dir='ltr'><strong>SOLUTIONEM</strong></span> <span class='ocrx_word' id='word_1_13' title='bbox 743 641 765 690; x_wconf 88' lang='lat' dir='ltr'><strong>A</strong></span> <span class='ocrx_word' id='word_1_14' title='bbox 788 639 960 692; x_wconf 87' lang='lat' dir='ltr'><strong>DEBITORE</strong></span> <span class='ocrx_word' id='word_1_15' title='bbox 985 641 1053 692; x_wconf 84' lang='lat' dir='ltr'><strong>VEL</strong></span> 
     </span>
     <span class='ocr_line' id='line_1_7' title="bbox 527 705 771 758; baseline 0.016 -4"><span class='ocrx_word' id='word_1_16' title='bbox 527 705 549 754; x_wconf 83' lang='lat' dir='ltr'><strong>A</strong></span> <span class='ocrx_word' id='word_1_17' title='bbox 566 705 606 754; x_wconf 87' lang='lat' dir='ltr'><strong>SE</strong></span> <span class='ocrx_word' id='word_1_18' title='bbox 625 707 771 758; x_wconf 76' lang='lat' dir='ltr'><strong>Facundi.</strong></span> 
     </span>
    </p>
   </div>
   <div class='ocr_carea' id='block_1_7' title="bbox 246 801 1053 1078">
    <p class='ocr_par' dir='ltr' id='par_1_7' title="bbox 246 801 1053 1078">
     <span class='ocr_line' id='line_1_8' title="bbox 284 801 1052 874; baseline 0.007 -16"><span class='ocrx_word' id='word_1_19' title='bbox 284 801 297 858; x_wconf 92' lang='lat'>1</span> <span class='ocrx_word' id='word_1_20' title='bbox 319 801 390 874; x_wconf 79' lang='lat' dir='ltr'><strong>²Imp</strong></span> <span class='ocrx_word' id='word_1_21' title='bbox 413 843 418 856; x_wconf 93' lang='lat'><strong>.</strong></span> <span class='ocrx_word' id='word_1_22' title='bbox 437 801 623 856; x_wconf 74' lang='lat' dir='ltr'><strong>Diocletianus</strong></span> <span class='ocrx_word' id='word_1_23' title='bbox 640 811 666 858; x_wconf 88' lang='lat' dir='ltr'><strong>et</strong></span> <span class='ocrx_word' id='word_1_24' title='bbox 683 803 870 860; x_wconf 76' lang='lat' dir='ltr'><strong><em>Maximianus</em></strong></span> <span class='ocrx_word' id='word_1_25' title='bbox 887 805 942 860; x_wconf 80' lang='grc' dir='ltr'><strong>ΑΛ,</strong></span> <span class='ocrx_word' id='word_1_26' title='bbox 961 813 987 862; x_wconf 91' lang='lat' dir='ltr'><strong>ct</strong></span> <span class='ocrx_word' id='word_1_27' title='bbox 1006 805 1052 862; x_wconf 87' lang='grc'><strong>00.</strong></span> 
     </span>
     <span class='ocr_line' id='line_1_9' title="bbox 247 869 1053 948; baseline 0.007 -26"><span class='ocrx_word' id='word_1_28' title='bbox 247 869 345 922; x_wconf 87' lang='lat' dir='ltr'><strong>Soteri.</strong></span> <span class='ocrx_word' id='word_1_29' title='bbox 394 869 509 948; x_wconf 72' lang='lat' dir='ltr'><strong>lxernplo</strong></span> <span class='ocrx_word' id='word_1_30' title='bbox 528 875 675 926; x_wconf 88' lang='lat' dir='ltr'><strong>ceterorum</strong></span> <span class='ocrx_word' id='word_1_31' title='bbox 693 875 840 928; x_wconf 87' lang='lat' dir='ltr'><strong>debitorum</strong></span> <span class='ocrx_word' id='word_1_32' title='bbox 855 879 956 928; x_wconf 89' lang='lat' dir='ltr'><strong>tutores</strong></span> <span class='ocrx_word' id='word_1_33' title='bbox 974 877 1053 928; x_wconf 85' lang='lat' dir='ltr'><strong>etism</strong></span> 
     </span>
     <span class='ocr_line' id='line_1_10' title="bbox 247 937 1053 1006; baseline 0.011 -18"><span class='ocrx_word' id='word_1_34' title='bbox 247 951 315 1006; x_wconf 89' lang='lat' dir='ltr'><strong>quae</strong></span> <span class='ocrx_word' id='word_1_35' title='bbox 340 953 371 990; x_wconf 87' lang='lat' dir='ltr'><strong>ex</strong></span> <span class='ocrx_word' id='word_1_36' title='bbox 395 937 621 994; x_wconf 84' lang='lat' dir='ltr'><strong>administratione</strong></span> <span class='ocrx_word' id='word_1_37' title='bbox 645 943 746 994; x_wconf 87' lang='lat' dir='ltr'><strong>tutelae</strong></span> <span class='ocrx_word' id='word_1_38' title='bbox 770 943 867 994; x_wconf 90' lang='lat' dir='ltr'><strong>debent</strong></span> <span class='ocrx_word' id='word_1_39' title='bbox 885 943 1053 996; x_wconf 72' lang='lat' dir='ltr'><strong>curatoribus</strong></span> 
     </span>
     <span class='ocr_line' id='line_1_11' title="bbox 246 1003 1053 1078; baseline 0.011 -22"><span class='ocrx_word' id='word_1_40' title='bbox 246 1003 376 1058; x_wconf 88' lang='lat' dir='ltr'><strong>solventes</strong></span> <span class='ocrx_word' id='word_1_41' title='bbox 401 1005 555 1072; x_wconf 74' lang='lat' dir='ltr'>liberantur,</span> <span class='ocrx_word' id='word_1_42' title='bbox 584 1007 629 1060; x_wconf 88' lang='lat' dir='ltr'><strong>sed</strong></span> <span class='ocrx_word' id='word_1_43' title='bbox 656 1015 717 1062; x_wconf 89' lang='lat' dir='ltr'><strong>ante</strong></span> <span class='ocrx_word' id='word_1_44' title='bbox 744 1015 846 1076; x_wconf 91' lang='lat' dir='ltr'><strong>tempus</strong></span> <span class='ocrx_word' id='word_1_45' title='bbox 871 1009 899 1060; x_wconf 92' lang='lat' dir='ltr'><strong>in</strong></span> <span class='ocrx_word' id='word_1_46' title='bbox 922 1009 1053 1078; x_wconf 87' lang='lat' dir='ltr'><strong>integrum</strong></span> 
     </span>
    </p>
   </div>
   <div class='ocr_carea' id='block_1_8' title="bbox 895 1077 1052 1198">
    <p class='ocr_par' dir='ltr' id='par_1_8' title="bbox 895 1077 1052 1198">
     <span class='ocr_line' id='line_1_12' title="bbox 895 1077 1052 1198; baseline 0.019 -68"><span class='ocrx_word' id='word_1_47' title='bbox 895 1077 1052 1198; x_wconf 58' lang='lat' dir='ltr'><strong>permissum</strong></span> 
     </span>
    </p>
   </div>
   <div class='ocr_carea' id='block_1_9' title="bbox 242 1071 1052 1690">
    <p class='ocr_par' dir='ltr' id='par_1_9' title="bbox 244 1071 1052 1346">
     <span class='ocr_line' id='line_1_13' title="bbox 245 1071 876 1152; baseline 0.01 -28"><span class='ocrx_word' id='word_1_48' title='bbox 245 1071 405 1126; x_wconf 74' lang='lat' dir='ltr'><strong>restitutioni</strong></span> <span class='ocrx_word' id='word_1_49' title='bbox 428 1073 614 1152; x_wconf 85' lang='lat' dir='ltr'><strong>praestitutum</strong></span> <span class='ocrx_word' id='word_1_50' title='bbox 638 1077 724 1130; x_wconf 88' lang='lat' dir='ltr'><strong>edicto</strong></span> <span class='ocrx_word' id='word_1_51' title='bbox 747 1081 876 1144; x_wconf 87' lang='lat' dir='ltr'><strong>perpetuo</strong></span> 
     </span>
     <span class='ocr_line' id='line_1_14' title="bbox 244 1137 1052 1214; baseline 0.007 -20"><span class='ocrx_word' id='word_1_52' title='bbox 244 1137 402 1194; x_wconf 88' lang='lat' dir='ltr'><strong>beneficium</strong></span> <span class='ocrx_word' id='word_1_53' title='bbox 428 1141 561 1208; x_wconf 78' lang='lat' dir='ltr'><strong>implorari</strong></span> <span class='ocrx_word' id='word_1_54' title='bbox 588 1151 627 1208; x_wconf 90' lang='lat' dir='ltr'><strong>et,</strong></span> <span class='ocrx_word' id='word_1_55' title='bbox 660 1159 695 1196; x_wconf 81' lang='lat' dir='ltr'><strong>arr</strong></span> <span class='ocrx_word' id='word_1_56' title='bbox 722 1143 757 1196; x_wconf 89' lang='lat' dir='ltr'><strong>sit</strong></span> <span class='ocrx_word' id='word_1_57' title='bbox 787 1143 894 1198; x_wconf 88' lang='lat' dir='ltr'><strong>tribuen</strong></span> <span class='ocrx_word' id='word_1_58' title='bbox 914 1161 972 1210; x_wconf 89' lang='lat' dir='ltr'><strong>um,</strong></span> <span class='ocrx_word' id='word_1_59' title='bbox 1004 1163 1052 1214; x_wconf 89' lang='lat' dir='ltr'><strong>per</strong></span> 
     </span>
     <span class='ocr_line' id='line_1_15' title="bbox 245 1207 1050 1278; baseline 0.01 -20"><span class='ocrx_word' id='word_1_60' title='bbox 245 1221 342 1262; x_wconf 88' lang='lat' dir='ltr'><strong>causae</strong></span> <span class='ocrx_word' id='word_1_61' title='bbox 361 1207 533 1276; x_wconf 79' lang='lat' dir='ltr'><strong>cognitionem</strong></span> <span class='ocrx_word' id='word_1_62' title='bbox 551 1211 684 1266; x_wconf 84' lang='lat' dir='ltr'><strong>aestimari</strong></span> <span class='ocrx_word' id='word_1_63' title='bbox 701 1215 798 1278; x_wconf 85' lang='lat' dir='ltr'><strong>potest.</strong></span> <span class='ocrx_word' id='word_1_64' title='bbox 832 1211 864 1264; x_wconf 87' lang='lat' dir='ltr'><strong>D.</strong></span> <span class='ocrx_word' id='word_1_65' title='bbox 881 1225 911 1264; x_wconf 86' lang='lat' dir='ltr'><strong>vr</strong></span> <span class='ocrx_word' id='word_1_66' title='bbox 926 1213 961 1264; x_wconf 88' lang='lat' dir='ltr'><strong>id.</strong></span> <span class='ocrx_word' id='word_1_67' title='bbox 973 1213 1050 1268; x_wconf 82' lang='lat' dir='ltr'><strong>Febr.</strong></span> 
     </span>
     <span class='ocr_line' id='line_1_16' title="bbox 246 1275 1049 1346; baseline 0.005 -16"><span class='ocrx_word' id='word_1_68' title='bbox 246 1275 293 1330; x_wconf 91' lang='grc'><strong>00.</strong></span> <span class='ocrx_word' id='word_1_69' title='bbox 312 1291 398 1330; x_wconf 84' lang='lat' dir='ltr'><strong>conss.</strong></span> <span class='ocrx_word' id='word_1_70' title='bbox 938 1285 971 1344; x_wconf 89' lang='lat' dir='ltr'><strong>[a.</strong></span> <span class='ocrx_word' id='word_1_71' title='bbox 992 1285 1049 1346; x_wconf 83' lang='grc'><em>294]</em></span> 
     </span>
    </p>

    <p class='ocr_par' dir='ltr' id='par_1_10' title="bbox 242 1339 1051 1690">
     <span class='ocr_line' id='line_1_17' title="bbox 278 1339 1050 1416; baseline 0.009 -21"><span class='ocrx_word' id='word_1_72' title='bbox 278 1339 403 1398; x_wconf 77' lang='lat' dir='ltr'><strong>2³lclem</strong></span> <span class='ocrx_word' id='word_1_73' title='bbox 424 1343 479 1398; x_wconf 79' lang='grc' dir='ltr'><strong>ΑΛ.</strong></span> <span class='ocrx_word' id='word_1_74' title='bbox 504 1351 531 1400; x_wconf 88' lang='lat' dir='ltr'><strong>ct</strong></span> <span class='ocrx_word' id='word_1_75' title='bbox 555 1345 600 1402; x_wconf 90' lang='grc'><strong>00.</strong></span> <span class='ocrx_word' id='word_1_76' title='bbox 625 1345 769 1398; x_wconf 78' lang='lat' dir='ltr'><strong>laminae.</strong></span> <span class='ocrx_word' id='word_1_77' title='bbox 812 1345 934 1402; x_wconf 89' lang='lat' dir='ltr'><strong>Indebito</strong></span> <span class='ocrx_word' id='word_1_78' title='bbox 956 1349 1050 1416; x_wconf 88' lang='lat' dir='ltr'><strong>legato,</strong></span> 
     </span>
     <span class='ocr_line' id='line_1_18' title="bbox 243 1411 1051 1484; baseline 0.007 -22"><span class='ocrx_word' id='word_1_79' title='bbox 243 1411 307 1464; x_wconf 88' lang='lat' dir='ltr'><strong>licet</strong></span> <span class='ocrx_word' id='word_1_80' title='bbox 338 1425 386 1480; x_wconf 89' lang='lat' dir='ltr'><strong>per</strong></span> <span class='ocrx_word' id='word_1_81' title='bbox 417 1429 532 1468; x_wconf 88' lang='lat' dir='ltr'><strong>errorem</strong></span> <span class='ocrx_word' id='word_1_82' title='bbox 561 1413 626 1466; x_wconf 89' lang='lat' dir='ltr'><strong>iuris</strong></span> <span class='ocrx_word' id='word_1_83' title='bbox 659 1427 675 1464; x_wconf 90' lang='lat' dir='ltr'><strong>a</strong></span> <span class='ocrx_word' id='word_1_84' title='bbox 701 1413 801 1468; x_wconf 90' lang='lat' dir='ltr'><strong>minore</strong></span> <span class='ocrx_word' id='word_1_85' title='bbox 827 1417 928 1480; x_wconf 91' lang='lat' dir='ltr'><strong>soluto,</strong></span> <span class='ocrx_word' id='word_1_86' title='bbox 954 1417 1051 1484; x_wconf 88' lang='lat' dir='ltr'><strong>repeti-</strong></span> 
     </span>
     <span class='ocr_line' id='line_1_19' title="bbox 242 1481 1049 1550; baseline 0.01 -20"><span class='ocrx_word' id='word_1_87' title='bbox 242 1481 342 1532; x_wconf 89' lang='lat' dir='ltr'><strong>tionem</strong></span> <span class='ocrx_word' id='word_1_88' title='bbox 368 1481 393 1534; x_wconf 89' lang='lat' dir='ltr'><strong>ei</strong></span> <span class='ocrx_word' id='word_1_89' title='bbox 419 1481 531 1546; x_wconf 90' lang='lat' dir='ltr'><strong>decerni,</strong></span> <span class='ocrx_word' id='word_1_90' title='bbox 559 1483 581 1534; x_wconf 89' lang='lat' dir='ltr'><strong>si</strong></span> <span class='ocrx_word' id='word_1_91' title='bbox 607 1481 717 1534; x_wconf 89' lang='lat' dir='ltr'><strong>necdum</strong></span> <span class='ocrx_word' id='word_1_92' title='bbox 746 1487 865 1550; x_wconf 84' lang='lat' dir='ltr'><strong>tempus,</strong></span> <span class='ocrx_word' id='word_1_93' title='bbox 890 1499 941 1550; x_wconf 92' lang='lat' dir='ltr'><strong>quo</strong></span> <span class='ocrx_word' id='word_1_94' title='bbox 973 1485 1049 1538; x_wconf 87' lang='lat' dir='ltr'><strong>resti-</strong></span> 
     </span>
     <span class='ocr_line' id='line_1_20' title="bbox 242 1547 1049 1614; baseline 0.01 -16"><span class='ocrx_word' id='word_1_95' title='bbox 242 1547 352 1600; x_wconf 83' lang='lat' dir='ltr'><strong>tutionis</strong></span> <span class='ocrx_word' id='word_1_96' title='bbox 377 1549 503 1604; x_wconf 84' lang='lat' dir='ltr'><strong>tribuitur</strong></span> <span class='ocrx_word' id='word_1_97' title='bbox 526 1549 664 1612; x_wconf 85' lang='lat' dir='ltr'><strong>auxilinm,</strong></span> <span class='ocrx_word' id='word_1_98' title='bbox 692 1551 843 1614; x_wconf 83' lang='lat' dir='ltr'><strong>excesserit,</strong></span> <span class='ocrx_word' id='word_1_99' title='bbox 866 1551 976 1606; x_wconf 76' lang='lat' dir='ltr'><strong>radonis</strong></span> <span class='ocrx_word' id='word_1_100' title='bbox 1001 1559 1049 1606; x_wconf 80' lang='lat' dir='ltr'><strong>est.</strong></span> 
     </span>
     <span class='ocr_line' id='line_1_21' title="bbox 242 1613 1049 1690; baseline 0.005 -22"><span class='ocrx_word' id='word_1_101' title='bbox 242 1613 275 1668; x_wconf 91' lang='lat' dir='ltr'><strong>D.</strong></span> <span class='ocrx_word' id='word_1_102' title='bbox 296 1617 352 1670; x_wconf 62' lang='lat' dir='ltr'><strong>xvi</strong></span> <span class='ocrx_word' id='word_1_103' title='bbox 370 1615 395 1672; x_wconf 80' lang='lat' dir='ltr'><strong>le.</strong></span> <span class='ocrx_word' id='word_1_104' title='bbox 413 1615 500 1688; x_wconf 82' lang='lat' dir='ltr'><strong>April.</strong></span> <span class='ocrx_word' id='word_1_105' title='bbox 519 1613 602 1668; x_wconf 82' lang='lat' dir='ltr'><strong>Sirmi</strong></span> <span class='ocrx_word' id='word_1_106' title='bbox 622 1615 681 1672; x_wconf 81' lang='grc'><strong>00.5</strong></span> <span class='ocrx_word' id='word_1_107' title='bbox 699 1633 785 1672; x_wconf 87' lang='lat' dir='ltr'><strong>conss.</strong></span> <span class='ocrx_word' id='word_1_108' title='bbox 939 1625 972 1682; x_wconf 86' lang='lat' dir='ltr'><strong>[a.</strong></span> <span class='ocrx_word' id='word_1_109' title='bbox 991 1621 1049 1690; x_wconf 87' lang='grc'><em>294]</em></span> 
     </span>
    </p>
   </div>
   <div class='ocr_carea' id='block_1_10' title="bbox 463 1823 897 1974">
    <p class='ocr_par' dir='ltr' id='par_1_11' title="bbox 463 1823 897 1974">
     <span class='ocr_line' id='line_1_22' title="bbox 477 1823 897 1900; baseline 0.01 -20"><span class='ocrx_word' id='word_1_110' title='bbox 477 1823 602 1882; x_wconf 87' lang='lat' dir='ltr'>XXXIII</span> <span class='ocrx_word' id='word_1_111' title='bbox 626 1825 815 1900; x_wconf 76' lang='grc' dir='ltr'><strong>(ΧΧΧΙΙΙΙ).6</strong></span> <span class='ocrx_word' id='word_1_112' title='bbox 896 1855 897 1860; x_wconf 53' lang='grc'>’</span> 
     </span>
     <span class='ocr_line' id='line_1_23' title="bbox 463 1921 825 1974; baseline 0 -2"><span class='ocrx_word' id='word_1_113' title='bbox 463 1921 492 1972; x_wconf 87' lang='lat' dir='ltr'><strong>SI</strong></span> <span class='ocrx_word' id='word_1_114' title='bbox 510 1921 683 1972; x_wconf 80' lang='lat' dir='ltr'><strong>ADVERSUS</strong></span> <span class='ocrx_word' id='word_1_115' title='bbox 701 1923 825 1974; x_wconf 78' lang='lat' dir='ltr'><strong>DOTEM.</strong></span> 
     </span>
    </p>
   </div>
   <div class='ocr_carea' id='block_1_11' title="bbox 241 2017 1049 2630">
    <p class='ocr_par' dir='ltr' id='par_1_12' title="bbox 241 2017 1049 2630">
     <span class='ocr_line' id='line_1_24' title="bbox 279 2017 1049 2092; baseline -0.005 -14"><span class='ocrx_word' id='word_1_116' title='bbox 279 2019 293 2078; x_wconf 92' lang='lat'>1</span> <span class='ocrx_word' id='word_1_117' title='bbox 315 2017 384 2092; x_wconf 80' lang='lat' dir='ltr'><strong>Imp.</strong></span> <span class='ocrx_word' id='word_1_118' title='bbox 402 2019 559 2074; x_wconf 84' lang='lat' dir='ltr'><strong>Alexander</strong></span> <span class='ocrx_word' id='word_1_119' title='bbox 576 2023 606 2074; x_wconf 86' lang='grc' dir='ltr'><strong>Α.</strong></span> <span class='ocrx_word' id='word_1_120' title='bbox 632 2021 745 2076; x_wconf 84' lang='lat' dir='ltr'><strong>Valenti.</strong></span> <span class='ocrx_word' id='word_1_121' title='bbox 791 2023 919 2090; x_wconf 72' lang='lat' dir='ltr'><strong>Quoniam</strong></span> <span class='ocrx_word' id='word_1_122' title='bbox 938 2023 1049 2076; x_wconf 89' lang='lat' dir='ltr'><strong>circum-</strong></span> 
     </span>
     <span class='ocr_line' id='line_1_25' title="bbox 242 2089 1048 2144; baseline 0.004 -2"><span class='ocrx_word' id='word_1_123' title='bbox 242 2095 346 2142; x_wconf 88' lang='lat' dir='ltr'><strong>ventam</strong></span> <span class='ocrx_word' id='word_1_124' title='bbox 373 2089 436 2142; x_wconf 90' lang='lat' dir='ltr'><strong>dicis</strong></span> <span class='ocrx_word' id='word_1_125' title='bbox 463 2103 579 2142; x_wconf 88' lang='lat' dir='ltr'><strong>sororem</strong></span> <span class='ocrx_word' id='word_1_126' title='bbox 605 2095 678 2142; x_wconf 88' lang='lat' dir='ltr'><strong>tuam</strong></span> <span class='ocrx_word' id='word_1_127' title='bbox 701 2089 789 2144; x_wconf 77' lang='lat' dir='ltr'><strong>omitia</strong></span> <span class='ocrx_word' id='word_1_128' title='bbox 819 2093 889 2144; x_wconf 90' lang='lat' dir='ltr'><strong>hcua</strong></span> <span class='ocrx_word' id='word_1_129' title='bbox 910 2089 938 2142; x_wconf 90' lang='lat' dir='ltr'><strong>in</strong></span> <span class='ocrx_word' id='word_1_130' title='bbox 962 2089 1048 2144; x_wconf 89' lang='lat' dir='ltr'><strong>dotem</strong></span> 
     </span>
     <span class='ocr_line' id='line_1_26' title="bbox 243 2157 1049 2224; baseline 0.002 -14"><span class='ocrx_word' id='word_1_131' title='bbox 243 2157 359 2222; x_wconf 81' lang='lat' dir='ltr'><strong>dedisse,</strong></span> <span class='ocrx_word' id='word_1_132' title='bbox 387 2173 421 2210; x_wconf 88' lang='lat' dir='ltr'><strong>an</strong></span> <span class='ocrx_word' id='word_1_133' title='bbox 445 2157 540 2210; x_wconf 87' lang='lat' dir='ltr'><strong>veritas</strong></span> <span class='ocrx_word' id='word_1_134' title='bbox 562 2157 739 2224; x_wconf 82' lang='lat' dir='ltr'><strong>adlegationi⁷</strong></span> <span class='ocrx_word' id='word_1_135' title='bbox 765 2158 891 2222; x_wconf 88' lang='lat' dir='ltr'><strong>adsistat,</strong></span> <span class='ocrx_word' id='word_1_136' title='bbox 919 2159 940 2212; x_wconf 90' lang='lat' dir='ltr'><strong>si</strong></span> <span class='ocrx_word' id='word_1_137' title='bbox 967 2161 1001 2212; x_wconf 82' lang='lat' dir='ltr'><strong>ud</strong></span> <span class='ocrx_word' id='word_1_138' title='bbox 1022 2165 1049 2212; x_wconf 88' lang='lat' dir='ltr'><strong>te</strong></span> 
     </span>
     <span class='ocr_line' id='line_1_27' title="bbox 241 2223 1048 2296; baseline 0 -18"><span class='ocrx_word' id='word_1_139' title='bbox 241 2223 375 2278; x_wconf 83' lang='lat' dir='ltr'><strong>heredites</strong></span> <span class='ocrx_word' id='word_1_140' title='bbox 398 2225 495 2278; x_wconf 89' lang='lat' dir='ltr'><strong>sororis</strong></span> <span class='ocrx_word' id='word_1_141' title='bbox 518 2229 581 2278; x_wconf 91' lang='lat' dir='ltr'><strong>tuae</strong></span> <span class='ocrx_word' id='word_1_142' title='bbox 605 2227 645 2278; x_wconf 91' lang='lat' dir='ltr'><strong>vel</strong></span> <span class='ocrx_word' id='word_1_143' title='bbox 668 2227 797 2278; x_wconf 88' lang='lat' dir='ltr'><strong>bonorum</strong></span> <span class='ocrx_word' id='word_1_144' title='bbox 814 2227 948 2296; x_wconf 80' lang='lat' dir='ltr'><strong>possessio</strong></span> <span class='ocrx_word' id='word_1_145' title='bbox 966 2227 1048 2294; x_wconf 90' lang='lat' dir='ltr'><strong>perti-</strong></span> 
     </span>
     <span class='ocr_line' id='line_1_28' title="bbox 242 2293 1049 2362; baseline 0.005 -18"><span class='ocrx_word' id='word_1_146' title='bbox 242 2293 300 2344; x_wconf 87' lang='lat' dir='ltr'><strong>nuit</strong></span> <span class='ocrx_word' id='word_1_147' title='bbox 327 2299 353 2346; x_wconf 91' lang='lat' dir='ltr'><strong>et</strong></span> <span class='ocrx_word' id='word_1_148' title='bbox 378 2299 497 2360; x_wconf 89' lang='lat' dir='ltr'><strong>tempora</strong></span> <span class='ocrx_word' id='word_1_149' title='bbox 522 2293 639 2348; x_wconf 90' lang='lat' dir='ltr'><strong>nondum</strong></span> <span class='ocrx_word' id='word_1_150' title='bbox 660 2295 858 2360; x_wconf 76' lang='lat' dir='ltr'><strong>praeterierint,</strong></span> <span class='ocrx_word' id='word_1_151' title='bbox 884 2295 955 2346; x_wconf 87' lang='lat' dir='ltr'><strong>intra</strong></span> <span class='ocrx_word' id='word_1_152' title='bbox 982 2311 1049 2362; x_wconf 88' lang='lat' dir='ltr'><strong>quae</strong></span> 
     </span>
     <span class='ocr_line' id='line_1_29' title="bbox 241 2359 1047 2432; baseline 0.006 -20"><span class='ocrx_word' id='word_1_153' title='bbox 241 2361 342 2428; x_wconf 86' lang='lat' dir='ltr'><strong>legibus</strong></span> <span class='ocrx_word' id='word_1_154' title='bbox 368 2359 520 2414; x_wconf 74' lang='lat' dir='ltr'><strong>conceditur</strong></span> <span class='ocrx_word' id='word_1_155' title='bbox 542 2377 574 2414; x_wconf 84' lang='lat' dir='ltr'><strong>ex</strong></span> <span class='ocrx_word' id='word_1_156' title='bbox 597 2377 712 2428; x_wconf 87' lang='lat' dir='ltr'><strong>persona</strong></span> <span class='ocrx_word' id='word_1_157' title='bbox 730 2361 848 2416; x_wconf 83' lang='lat' dir='ltr'><strong>defuncti</strong></span> <span class='ocrx_word' id='word_1_158' title='bbox 866 2363 1002 2432; x_wconf 85' lang='lat' dir='ltr'><strong>postulare</strong></span> <span class='ocrx_word' id='word_1_159' title='bbox 1019 2365 1047 2416; x_wconf 91' lang='lat' dir='ltr'><strong>iu</strong></span> 
     </span>
     <span class='ocr_line' id='line_1_30' title="bbox 241 2429 1047 2498; baseline 0.005 -18"><span class='ocrx_word' id='word_1_160' title='bbox 241 2429 372 2494; x_wconf 87' lang='lat' dir='ltr'><strong>integrum</strong></span> <span class='ocrx_word' id='word_1_161' title='bbox 389 2429 589 2494; x_wconf 89' lang='lat' dir='ltr'><strong>restitutionem,</strong></span> <span class='ocrx_word' id='word_1_162' title='bbox 614 2443 721 2496; x_wconf 86' lang='lat' dir='ltr'><strong>praeses</strong></span> <span class='ocrx_word' id='word_1_163' title='bbox 738 2431 890 2496; x_wconf 89' lang='lat' dir='ltr'><strong>provinciae</strong></span> <span class='ocrx_word' id='word_1_164' title='bbox 907 2435 1047 2498; x_wconf 80' lang='lat' dir='ltr'><strong>praesente</strong></span> 
     </span>
     <span class='ocr_line' id='line_1_31' title="bbox 242 2495 1046 2564; baseline 0.005 -16"><span class='ocrx_word' id='word_1_165' title='bbox 242 2497 345 2550; x_wconf 86' lang='lat' dir='ltr'><strong>diversa</strong></span> <span class='ocrx_word' id='word_1_166' title='bbox 368 2503 444 2564; x_wconf 89' lang='lat' dir='ltr'><strong>parte</strong></span> <span class='ocrx_word' id='word_1_167' title='bbox 467 2497 635 2550; x_wconf 83' lang='lat' dir='ltr'><strong>examinabit.</strong></span> <span class='ocrx_word' id='word_1_168' title='bbox 676 2495 709 2550; x_wconf 91' lang='lat' dir='ltr'><strong>D.</strong></span> <span class='ocrx_word' id='word_1_169' title='bbox 734 2511 763 2548; x_wconf 85' lang='lat' dir='ltr'><strong>vr</strong></span> <span class='ocrx_word' id='word_1_170' title='bbox 784 2497 820 2552; x_wconf 81' lang='lat' dir='ltr'><strong>ta.</strong></span> <span class='ocrx_word' id='word_1_171' title='bbox 845 2497 896 2550; x_wconf 93' lang='lat' dir='ltr'><strong>lul.</strong></span> <span class='ocrx_word' id='word_1_172' title='bbox 921 2497 1046 2554; x_wconf 89' lang='lat' dir='ltr'><strong>Maximo</strong></span> 
     </span>
     <span class='ocr_line' id='line_1_32' title="bbox 241 2563 1045 2630; baseline 0.002 -12"><span class='ocrx_word' id='word_1_173' title='bbox 241 2571 269 2618; x_wconf 86' lang='lat' dir='ltr'><strong>ct</strong></span> <span class='ocrx_word' id='word_1_174' title='bbox 285 2563 405 2618; x_wconf 84' lang='lat' dir='ltr'><strong>Paterno</strong></span> <span class='ocrx_word' id='word_1_175' title='bbox 424 2579 510 2618; x_wconf 87' lang='lat' dir='ltr'><strong>conss.</strong></span> <span class='ocrx_word' id='word_1_176' title='bbox 935 2571 969 2628; x_wconf 88' lang='lat' dir='ltr'><strong>[a.</strong></span> <span class='ocrx_word' id='word_1_177' title='bbox 988 2569 1045 2630; x_wconf 88' lang='grc'><strong>233]</strong></span> 
     </span>
    </p>
   </div>
   <div class='ocr_carea' id='block_1_12' title="bbox 480 2769 800 2848">
    <p class='ocr_par' dir='ltr' id='par_1_13' title="bbox 480 2769 800 2848">
     <span class='ocr_line' id='line_1_33' title="bbox 480 2769 800 2848; baseline -0.006 -18"><span class='ocrx_word' id='word_1_178' title='bbox 480 2769 622 2830; x_wconf 90' lang='lat' dir='ltr'>XXXIIII</span> <span class='ocrx_word' id='word_1_179' title='bbox 644 2771 800 2848; x_wconf 84' lang='lat' dir='ltr'>(XXXV).⁸</span> 
     </span>
    </p>
   </div>
   <div class='ocr_carea' id='block_1_13' title="bbox 237 2869 1059 3950">
    <p class='ocr_par' dir='ltr' id='par_1_14' title="bbox 374 2869 905 2920">
     <span class='ocr_line' id='line_1_34' title="bbox 374 2869 905 2920; baseline -0.004 0"><span class='ocrx_word' id='word_1_180' title='bbox 374 2869 405 2920; x_wconf 80' lang='lat' dir='ltr'><strong>st</strong></span> <span class='ocrx_word' id='word_1_181' title='bbox 422 2869 594 2920; x_wconf 78' lang='lat' dir='ltr'><strong>ADVERSUS</strong></span> <span class='ocrx_word' id='word_1_182' title='bbox 614 2869 790 2920; x_wconf 83' lang='lat' dir='ltr'><strong>DELIOTUM</strong></span> <span class='ocrx_word' id='word_1_183' title='bbox 808 2869 905 2920; x_wconf 83' lang='lat' dir='ltr'><strong>SUUM.</strong></span> 
     </span>
    </p>

    <p class='ocr_par' dir='ltr' id='par_1_15' title="bbox 238 2933 1045 3544">
     <span class='ocr_line' id='line_1_35' title="bbox 278 2933 1043 3014; baseline 0 -24"><span class='ocrx_word' id='word_1_184' title='bbox 278 2933 290 2990; x_wconf 90' lang='grc'>1</span> <span class='ocrx_word' id='word_1_185' title='bbox 321 2933 419 3014; x_wconf 64' lang='grc'><em>90000.</em></span> <span class='ocrx_word' id='word_1_186' title='bbox 455 2933 569 2990; x_wconf 84' lang='lat' dir='ltr'><strong>Seuerus</strong></span> <span class='ocrx_word' id='word_1_187' title='bbox 599 2941 627 2990; x_wconf 86' lang='lat' dir='ltr'><strong>et</strong></span> <span class='ocrx_word' id='word_1_188' title='bbox 650 2935 803 2992; x_wconf 83' lang='lat' dir='ltr'><strong>Antoninus</strong></span> <span class='ocrx_word' id='word_1_189' title='bbox 828 2937 883 2990; x_wconf 78' lang='lat' dir='ltr'><strong>An.</strong></span> <span class='ocrx_word' id='word_1_190' title='bbox 911 2935 1043 3008; x_wconf 77' lang='lat' dir='ltr'><strong>Loicpino.</strong></span> 
     </span>
     <span class='ocr_line' id='line_1_36' title="bbox 240 3001 1044 3072; baseline 0.005 -18"><span class='ocrx_word' id='word_1_191' title='bbox 240 3001 272 3054; x_wconf 89' lang='lat' dir='ltr'><strong>Iu</strong></span> <span class='ocrx_word' id='word_1_192' title='bbox 297 3003 448 3058; x_wconf 89' lang='lat' dir='ltr'><strong>crimimhus</strong></span> <span class='ocrx_word' id='word_1_193' title='bbox 470 3001 574 3070; x_wconf 89' lang='lat' dir='ltr'><strong>quidem</strong></span> <span class='ocrx_word' id='word_1_194' title='bbox 596 3003 690 3058; x_wconf 82' lang='lat' dir='ltr'><strong>aetatis</strong></span> <span class='ocrx_word' id='word_1_195' title='bbox 714 3003 840 3072; x_wconf 83' lang='lat' dir='ltr'><strong>suffragio</strong></span> <span class='ocrx_word' id='word_1_196' title='bbox 860 3003 973 3058; x_wconf 89' lang='lat' dir='ltr'><strong>minores</strong></span> <span class='ocrx_word' id='word_1_197' title='bbox 992 3021 1044 3058; x_wconf 90' lang='lat' dir='ltr'><strong>nou</strong></span> 
     </span>
     <span class='ocr_line' id='line_1_37' title="bbox 239 3071 1045 3126; baseline 0 -2"><span class='ocrx_word' id='word_1_198' title='bbox 239 3071 375 3124; x_wconf 88' lang='lat' dir='ltr'><strong>iuvantur:</strong></span> <span class='ocrx_word' id='word_1_199' title='bbox 408 3071 504 3124; x_wconf 88' lang='lat' dir='ltr'><strong>etenim</strong></span> <span class='ocrx_word' id='word_1_200' title='bbox 529 3071 657 3124; x_wconf 88' lang='lat' dir='ltr'><strong>maiorum</strong></span> <span class='ocrx_word' id='word_1_201' title='bbox 686 3087 772 3126; x_wconf 87' lang='lat' dir='ltr'><strong>mores</strong></span> <span class='ocrx_word' id='word_1_202' title='bbox 800 3071 937 3124; x_wconf 83' lang='lat' dir='ltr'><strong>infirmitas</strong></span> <span class='ocrx_word' id='word_1_203' title='bbox 964 3073 1045 3124; x_wconf 86' lang='lat' dir='ltr'><strong>animi</strong></span> 
     </span>
     <span class='ocr_line' id='line_1_38' title="bbox 240 3137 1045 3202; baseline 0.002 -12"><span class='ocrx_word' id='word_1_204' title='bbox 240 3153 294 3190; x_wconf 90' lang='lat' dir='ltr'><strong>non</strong></span> <span class='ocrx_word' id='word_1_205' title='bbox 312 3145 428 3192; x_wconf 83' lang='lat' dir='ltr'><strong>excusat.</strong></span> <span class='ocrx_word' id='word_1_206' title='bbox 465 3137 511 3192; x_wconf 89' lang='lat' dir='ltr'><strong>sed</strong></span> <span class='ocrx_word' id='word_1_207' title='bbox 529 3153 588 3192; x_wconf 90' lang='lat' dir='ltr'><strong>cum</strong></span> <span class='ocrx_word' id='word_1_208' title='bbox 606 3139 729 3192; x_wconf 90' lang='lat' dir='ltr'><strong>delictum</strong></span> <span class='ocrx_word' id='word_1_209' title='bbox 752 3157 805 3194; x_wconf 91' lang='lat' dir='ltr'><strong>nou</strong></span> <span class='ocrx_word' id='word_1_210' title='bbox 823 3155 856 3192; x_wconf 86' lang='lat' dir='ltr'><strong>ex</strong></span> <span class='ocrx_word' id='word_1_211' title='bbox 874 3139 975 3202; x_wconf 88' lang='lat' dir='ltr'><strong>auimo,</strong></span> <span class='ocrx_word' id='word_1_212' title='bbox 998 3139 1045 3194; x_wconf 89' lang='lat' dir='ltr'><strong>sed</strong></span> 
     </span>
     <span class='ocr_line' id='line_1_39' title="bbox 240 3205 1044 3272; baseline 0.005 -14"><span class='ocrx_word' id='word_1_213' title='bbox 240 3221 272 3258; x_wconf 88' lang='lat' dir='ltr'><strong>ex</strong></span> <span class='ocrx_word' id='word_1_214' title='bbox 291 3211 429 3260; x_wconf 88' lang='lat' dir='ltr'><strong>contractu</strong></span> <span class='ocrx_word' id='word_1_215' title='bbox 439 3205 459 3238; x_wconf 86' lang='lat'><strong>¹⁰</strong></span> <span class='ocrx_word' id='word_1_216' title='bbox 475 3205 558 3270; x_wconf 89' lang='lat' dir='ltr'><strong>venit,</strong></span> <span class='ocrx_word' id='word_1_217' title='bbox 581 3223 652 3260; x_wconf 85' lang='lat' dir='ltr'><strong>noxa</strong></span> <span class='ocrx_word' id='word_1_218' title='bbox 669 3223 723 3262; x_wconf 89' lang='lat' dir='ltr'><strong>uon</strong></span> <span class='ocrx_word' id='word_1_219' title='bbox 743 3207 921 3272; x_wconf 86' lang='lat' dir='ltr'><strong>committitur,</strong></span> <span class='ocrx_word' id='word_1_220' title='bbox 941 3209 1044 3262; x_wconf 85' lang='lat' dir='ltr'><strong>etiamsi</strong></span> 
     </span>
     <span class='ocr_line' id='line_1_40' title="bbox 239 3275 1042 3342; baseline 0.005 -16"><span class='ocrx_word' id='word_1_221' title='bbox 239 3289 341 3340; x_wconf 86' lang='lat' dir='ltr'><strong>poenae</strong></span> <span class='ocrx_word' id='word_1_222' title='bbox 365 3289 446 3328; x_wconf 86' lang='lat' dir='ltr'><strong>causa</strong></span> <span class='ocrx_word' id='word_1_223' title='bbox 469 3275 596 3342; x_wconf 87' lang='lat' dir='ltr'><strong>pecuniae</strong></span> <span class='ocrx_word' id='word_1_224' title='bbox 618 3275 741 3328; x_wconf 85' lang='lat' dir='ltr'><strong>damnum</strong></span> <span class='ocrx_word' id='word_1_225' title='bbox 764 3277 913 3342; x_wconf 88' lang='lat' dir='ltr'><strong>inrogatur:</strong></span> <span class='ocrx_word' id='word_1_226' title='bbox 938 3277 966 3328; x_wconf 90' lang='lat' dir='ltr'><strong>et</strong></span> <span class='ocrx_word' id='word_1_227' title='bbox 983 3277 1042 3330; x_wconf 90' lang='lat' dir='ltr'><strong>idco</strong></span> 
     </span>
     <span class='ocr_line' id='line_1_41' title="bbox 239 3341 1042 3412; baseline 0.007 -20"><span class='ocrx_word' id='word_1_228' title='bbox 239 3341 381 3396; x_wconf 89' lang='lat' dir='ltr'><strong>minoribus</strong></span> <span class='ocrx_word' id='word_1_229' title='bbox 405 3347 432 3394; x_wconf 90' lang='lat' dir='ltr'><strong>et</strong></span> <span class='ocrx_word' id='word_1_230' title='bbox 455 3341 483 3396; x_wconf 88' lang='lat' dir='ltr'><strong>in</strong></span> <span class='ocrx_word' id='word_1_231' title='bbox 505 3343 556 3396; x_wconf 87' lang='lat' dir='ltr'><strong>hae</strong></span> <span class='ocrx_word' id='word_1_232' title='bbox 581 3357 663 3396; x_wconf 86' lang='lat' dir='ltr'><strong>causa</strong></span> <span class='ocrx_word' id='word_1_233' title='bbox 679 3343 707 3396; x_wconf 90' lang='lat' dir='ltr'><strong>in</strong></span> <span class='ocrx_word' id='word_1_234' title='bbox 723 3343 854 3412; x_wconf 82' lang='lat' dir='ltr'><strong>integrum</strong></span> <span class='ocrx_word' id='word_1_235' title='bbox 870 3343 1042 3398; x_wconf 84' lang='lat' dir='ltr'><strong>restitutionis</strong></span> 
     </span>
     <span class='ocr_line' id='line_1_42' title="bbox 239 3409 1041 3486; baseline 0.009 -27"><span class='ocrx_word' id='word_1_236' title='bbox 239 3409 364 3486; x_wconf 81' lang='lat' dir='ltr'><strong>auxilium</strong></span> <span class='ocrx_word' id='word_1_237' title='bbox 383 3409 513 3478; x_wconf 88' lang='lat' dir='ltr'><strong>competit.</strong></span> <span class='ocrx_word' id='word_1_238' title='bbox 555 3409 641 3464; x_wconf 85' lang='lat' dir='ltr'><strong>Did</strong></span> <span class='ocrx_word' id='word_1_239' title='bbox 663 3409 717 3466; x_wconf 85' lang='lat' dir='ltr'><strong>Oct.</strong></span> <span class='ocrx_word' id='word_1_240' title='bbox 738 3409 837 3466; x_wconf 85' lang='lat' dir='ltr'><strong>Seuero</strong></span> <span class='ocrx_word' id='word_1_241' title='bbox 857 3425 885 3464; x_wconf 83' lang='lat' dir='ltr'><strong>rr</strong></span> <span class='ocrx_word' id='word_1_242' title='bbox 904 3417 931 3464; x_wconf 89' lang='lat' dir='ltr'><strong>ot</strong></span> <span class='ocrx_word' id='word_1_243' title='bbox 954 3409 1041 3466; x_wconf 81' lang='lat' dir='ltr'><strong>Victo-</strong></span> 
     </span>
     <span class='ocr_line' id='line_1_43' title="bbox 238 3481 1041 3544; baseline 0.005 -16"><span class='ocrx_word' id='word_1_244' title='bbox 238 3493 300 3530; x_wconf 90' lang='lat' dir='ltr'><strong>muo</strong></span> <span class='ocrx_word' id='word_1_245' title='bbox 318 3493 403 3532; x_wconf 86' lang='lat' dir='ltr'><strong>conss.</strong></span> <span class='ocrx_word' id='word_1_246' title='bbox 930 3481 963 3544; x_wconf 90' lang='lat' dir='ltr'><strong>[u.</strong></span> <span class='ocrx_word' id='word_1_247' title='bbox 983 3483 1041 3542; x_wconf 93' lang='grc'><em>200]</em></span> 
     </span>
    </p>

    <p class='ocr_par' dir='ltr' id='par_1_16' title="bbox 237 3541 1059 3950">
     <span class='ocr_line' id='line_1_44' title="bbox 273 3541 1040 3616; baseline 0.003 -18"><span class='ocrx_word' id='word_1_248' title='bbox 273 3541 291 3598; x_wconf 81' lang='lat'><strong>2</strong></span> <span class='ocrx_word' id='word_1_249' title='bbox 309 3541 396 3616; x_wconf 78' lang='lat' dir='ltr'><strong>impp.</strong></span> <span class='ocrx_word' id='word_1_250' title='bbox 415 3541 599 3598; x_wconf 83' lang='lat' dir='ltr'><strong>Diocletianus</strong></span> <span class='ocrx_word' id='word_1_251' title='bbox 621 3549 648 3598; x_wconf 87' lang='lat' dir='ltr'><strong>ct</strong></span> <span class='ocrx_word' id='word_1_252' title='bbox 664 3545 852 3598; x_wconf 72' lang='lat' dir='ltr'><strong>Maximianus</strong></span> <span class='ocrx_word' id='word_1_253' title='bbox 869 3545 923 3598; x_wconf 87' lang='grc' dir='ltr'><strong>ΛΑ.</strong></span> <span class='ocrx_word' id='word_1_254' title='bbox 948 3553 974 3598; x_wconf 85' lang='lat' dir='ltr'><strong>ct</strong></span> <span class='ocrx_word' id='word_1_255' title='bbox 994 3545 1040 3602; x_wconf 90' lang='grc'><strong>00.</strong></span> 
     </span>
     <span class='ocr_line' id='line_1_45' title="bbox 238 3609 1041 3668; baseline 0.002 -4"><span class='ocrx_word' id='word_1_256' title='bbox 238 3609 378 3666; x_wconf 75' lang='lat' dir='ltr'><strong>Proculae.</strong></span> <span class='ocrx_word' id='word_1_257' title='bbox 412 3609 489 3664; x_wconf 86' lang='lat' dir='ltr'><strong>Licet</strong></span> <span class='ocrx_word' id='word_1_258' title='bbox 504 3611 531 3664; x_wconf 91' lang='lat' dir='ltr'><strong>in</strong></span> <span class='ocrx_word' id='word_1_259' title='bbox 550 3613 652 3666; x_wconf 86' lang='lat' dir='ltr'><strong>delictis</strong></span> <span class='ocrx_word' id='word_1_260' title='bbox 671 3615 757 3666; x_wconf 88' lang='lat' dir='ltr'><strong>aetate</strong></span> <span class='ocrx_word' id='word_1_261' title='bbox 774 3613 904 3666; x_wconf 88' lang='lat' dir='ltr'><strong>neminem</strong></span> <span class='ocrx_word' id='word_1_262' title='bbox 922 3613 1041 3668; x_wconf 81' lang='lat' dir='ltr'><strong>exornari</strong></span> 
     </span>
     <span class='ocr_line' id='line_1_46' title="bbox 239 3679 1040 3748; baseline 0.005 -18"><span class='ocrx_word' id='word_1_263' title='bbox 239 3685 354 3744; x_wconf 86' lang='lat' dir='ltr'><strong>constet,</strong></span> <span class='ocrx_word' id='word_1_264' title='bbox 379 3679 456 3732; x_wconf 90' lang='lat' dir='ltr'><strong>matri</strong></span> <span class='ocrx_word' id='word_1_265' title='bbox 473 3685 568 3744; x_wconf 86' lang='lat' dir='ltr'><strong>tamen,</strong></span> <span class='ocrx_word' id='word_1_266' title='bbox 593 3695 660 3748; x_wconf 87' lang='lat' dir='ltr'><strong>quae</strong></span> <span class='ocrx_word' id='word_1_267' title='bbox 677 3681 738 3734; x_wconf 88' lang='lat' dir='ltr'><strong>filiis</strong></span> <span class='ocrx_word' id='word_1_268' title='bbox 755 3687 870 3736; x_wconf 86' lang='lat' dir='ltr'><strong>tutorem</strong></span> <span class='ocrx_word' id='word_1_269' title='bbox 887 3681 981 3736; x_wconf 90' lang='lat' dir='ltr'><strong>aetatis</strong></span> <span class='ocrx_word' id='word_1_270' title='bbox 999 3683 1040 3736; x_wconf 92' lang='lat' dir='ltr'><strong>lu·</strong></span> 
     </span>
     <span class='ocr_line' id='line_1_47' title="bbox 237 3747 1040 3816; baseline 0.002 -16"><span class='ocrx_word' id='word_1_271' title='bbox 237 3747 311 3800; x_wconf 88' lang='lat' dir='ltr'><strong>brice</strong></span> <span class='ocrx_word' id='word_1_272' title='bbox 335 3747 411 3814; x_wconf 87' lang='lat' dir='ltr'><strong>lapsa</strong></span> <span class='ocrx_word' id='word_1_273' title='bbox 433 3763 487 3800; x_wconf 87' lang='lat' dir='ltr'><strong>uon</strong></span> <span class='ocrx_word' id='word_1_274' title='bbox 504 3749 585 3816; x_wconf 90' lang='lat' dir='ltr'><strong>petiit,</strong></span> <span class='ocrx_word' id='word_1_275' title='bbox 611 3763 700 3802; x_wconf 89' lang='lat' dir='ltr'><strong>eorum</strong></span> <span class='ocrx_word' id='word_1_276' title='bbox 718 3749 823 3802; x_wconf 87' lang='lat' dir='ltr'><strong>minime</strong></span> <span class='ocrx_word' id='word_1_277' title='bbox 842 3747 964 3814; x_wconf 88' lang='lat' dir='ltr'><strong>denegari</strong></span> <span class='ocrx_word' id='word_1_278' title='bbox 980 3767 1040 3802; x_wconf 89' lang='lat' dir='ltr'><strong>sue·</strong></span> 
     </span>
     <span class='ocr_line' id='line_1_48' title="bbox 239 3815 1059 3880; baseline 0.005 -12"><span class='ocrx_word' id='word_1_279' title='bbox 239 3815 381 3868; x_wconf 84' lang='lat' dir='ltr'><strong>cessionem</strong></span> <span class='ocrx_word' id='word_1_280' title='bbox 400 3817 533 3880; x_wconf 84' lang='lat' dir='ltr'><strong>convenit,</strong></span> <span class='ocrx_word' id='word_1_281' title='bbox 558 3831 616 3870; x_wconf 89' lang='lat' dir='ltr'><strong>oum</strong></span> <span class='ocrx_word' id='word_1_282' title='bbox 634 3817 732 3870; x_wconf 88' lang='lat' dir='ltr'><strong>hocin</strong></span> <span class='ocrx_word' id='word_1_283' title='bbox 748 3817 893 3872; x_wconf 69' lang='lat' dir='ltr'><strong>sonoribus</strong></span> <span class='ocrx_word' id='word_1_284' title='bbox 911 3817 1039 3872; x_wconf 85' lang='lat' dir='ltr'><strong>matribus</strong></span> <span class='ocrx_word' id='word_1_285' title='bbox 1058 3849 1059 3852; x_wconf 61' lang='lat'><em>=</em></span> 
     </span>
     <span class='ocr_line' id='line_1_49' title="bbox 237 3883 1039 3950; baseline 0.005 -16"><span class='ocrx_word' id='word_1_286' title='bbox 237 3887 339 3936; x_wconf 89' lang='lat' dir='ltr'><strong>tantum</strong></span> <span class='ocrx_word' id='word_1_287' title='bbox 358 3883 483 3936; x_wconf 89' lang='lat' dir='ltr'><strong>obtineat.</strong></span> <span class='ocrx_word' id='word_1_288' title='bbox 529 3897 622 3938; x_wconf 88' lang='lat' dir='ltr'><strong>vnoa.</strong></span> <span class='ocrx_word' id='word_1_289' title='bbox 638 3883 720 3938; x_wconf 82' lang='lat' dir='ltr'><strong>Mart.</strong></span> <span class='ocrx_word' id='word_1_290' title='bbox 742 3883 788 3940; x_wconf 93' lang='grc'><strong>00.</strong></span> <span class='ocrx_word' id='word_1_291' title='bbox 807 3901 893 3940; x_wconf 86' lang='lat' dir='ltr'><strong>conss.</strong></span> <span class='ocrx_word' id='word_1_292' title='bbox 930 3889 963 3948; x_wconf 85' lang='lat' dir='ltr'><strong>[a.</strong></span> <span class='ocrx_word' id='word_1_293' title='bbox 981 3889 1039 3950; x_wconf 83' lang='grc'><em>204]</em></span> 
     </span>
    </p>
   </div>
   <div class='ocr_carea' id='block_1_14' title="bbox 386 4063 888 4240">
    <p class='ocr_par' dir='ltr' id='par_1_17' title="bbox 386 4063 888 4240">
     <span class='ocr_line' id='line_1_50' title="bbox 494 4063 780 4168; baseline 0 -17"><span class='ocrx_word' id='word_1_294' title='bbox 494 4063 603 4150; x_wconf 78' lang='lat' dir='ltr'><strong>xxxv</strong></span> <span class='ocrx_word' id='word_1_295' title='bbox 626 4091 780 4168; x_wconf 82' lang='grc'><em>00000).</em></span> 
     </span>
     <span class='ocr_line' id='line_1_51' title="bbox 386 4189 888 4240; baseline -0.004 0"><span class='ocrx_word' id='word_1_296' title='bbox 386 4189 888 4240; x_wconf 75' lang='lat' dir='ltr'><strong>srenvuusususucuerouuue·</strong></span> 
     </span>
    </p>
   </div>
   <div class='ocr_carea' id='block_1_15' title="bbox 235 4285 1039 4624">
    <p class='ocr_par' dir='ltr' id='par_1_18' title="bbox 235 4285 1039 4624">
     <span class='ocr_line' id='line_1_52' title="bbox 273 4285 1038 4360; baseline 0 -16"><span class='ocrx_word' id='word_1_297' title='bbox 273 4285 287 4344; x_wconf 90' lang='lat'>1</span> <span class='ocrx_word' id='word_1_298' title='bbox 314 4285 401 4360; x_wconf 75' lang='lat' dir='ltr'><strong>impp.</strong></span> <span class='ocrx_word' id='word_1_299' title='bbox 425 4289 611 4344; x_wconf 79' lang='lat' dir='ltr'><strong>Diocletianus</strong></span> <span class='ocrx_word' id='word_1_300' title='bbox 626 4295 653 4342; x_wconf 89' lang='lat' dir='ltr'><strong>ct</strong></span> <span class='ocrx_word' id='word_1_301' title='bbox 668 4287 857 4342; x_wconf 78' lang='lat' dir='ltr'><strong>Maximianus</strong></span> <span class='ocrx_word' id='word_1_302' title='bbox 873 4289 928 4342; x_wconf 77' lang='lat' dir='ltr'><strong>An.</strong></span> <span class='ocrx_word' id='word_1_303' title='bbox 947 4295 974 4342; x_wconf 86' lang='lat' dir='ltr'><strong>et</strong></span> <span class='ocrx_word' id='word_1_304' title='bbox 992 4289 1038 4344; x_wconf 90' lang='grc'><strong>00.</strong></span> 
     </span>
     <span class='ocr_line' id='line_1_53' title="bbox 237 4353 1039 4426; baseline 0.001 -18"><span class='ocrx_word' id='word_1_305' title='bbox 237 4353 367 4410; x_wconf 84' lang='lat' dir='ltr'><strong>Isidorou.</strong></span> <span class='ocrx_word' id='word_1_306' title='bbox 403 4357 502 4410; x_wconf 81' lang='lat' dir='ltr'><strong>Contra</strong></span> <span class='ocrx_word' id='word_1_307' title='bbox 520 4371 573 4422; x_wconf 90' lang='lat' dir='ltr'><strong>eos,</strong></span> <span class='ocrx_word' id='word_1_308' title='bbox 592 4357 635 4426; x_wconf 90' lang='lat' dir='ltr'><strong>qui</strong></span> <span class='ocrx_word' id='word_1_309' title='bbox 653 4371 694 4410; x_wconf 90' lang='lat' dir='ltr'><strong>res</strong></span> <span class='ocrx_word' id='word_1_310' title='bbox 711 4357 870 4410; x_wconf 86' lang='lat' dir='ltr'><strong>minorum¹¹</strong></span> <span class='ocrx_word' id='word_1_311' title='bbox 888 4361 990 4424; x_wconf 88' lang='lat' dir='ltr'><strong>tenent,</strong></span> <span class='ocrx_word' id='word_1_312' title='bbox 1016 4357 1039 4410; x_wconf 89' lang='lat' dir='ltr'><strong>si</strong></span> 
     </span>
     <span class='ocr_line' id='line_1_54' title="bbox 237 4423 1037 4492; baseline 0.001 -18"><span class='ocrx_word' id='word_1_313' title='bbox 237 4423 399 4492; x_wconf 89' lang='lat' dir='ltr'><strong>usucapione</strong></span> <span class='ocrx_word' id='word_1_314' title='bbox 408 4425 549 4480; x_wconf 89' lang='lat' dir='ltr'><strong>dominium</strong></span> <span class='ocrx_word' id='word_1_315' title='bbox 564 4425 753 4492; x_wconf 87' lang='lat' dir='ltr'><strong>adquisierunt,</strong></span> <span class='ocrx_word' id='word_1_316' title='bbox 771 4423 946 4480; x_wconf 84' lang='lat' dir='ltr'><strong>restitutionis</strong></span> <span class='ocrx_word' id='word_1_317' title='bbox 964 4425 1037 4480; x_wconf 84' lang='lat' dir='ltr'><strong>auxi-</strong></span> 
     </span>
     <span class='ocr_line' id='line_1_55' title="bbox 235 4489 1036 4548; baseline 0.005 -6"><span class='ocrx_word' id='word_1_318' title='bbox 235 4491 299 4542; x_wconf 87' lang='lat' dir='ltr'><strong>lium</strong></span> <span class='ocrx_word' id='word_1_319' title='bbox 331 4493 366 4546; x_wconf 89' lang='lat' dir='ltr'><strong>eis</strong></span> <span class='ocrx_word' id='word_1_320' title='bbox 399 4493 505 4546; x_wconf 88' lang='lat' dir='ltr'><strong>decerni</strong></span> <span class='ocrx_word' id='word_1_321' title='bbox 536 4493 621 4546; x_wconf 83' lang='lat' dir='ltr'><strong>debet.</strong></span> <span class='ocrx_word' id='word_1_322' title='bbox 670 4491 704 4546; x_wconf 90' lang='lat' dir='ltr'><strong>D.</strong></span> <span class='ocrx_word' id='word_1_323' title='bbox 732 4489 758 4546; x_wconf 81' lang='lat' dir='ltr'><strong>t.</strong></span> <span class='ocrx_word' id='word_1_324' title='bbox 785 4491 851 4546; x_wconf 90' lang='lat' dir='ltr'><strong>Mai.</strong></span> <span class='ocrx_word' id='word_1_325' title='bbox 879 4489 963 4546; x_wconf 84' lang='lat' dir='ltr'><strong>Sirmi</strong></span> <span class='ocrx_word' id='word_1_326' title='bbox 990 4493 1036 4548; x_wconf 90' lang='grc'><strong>00.</strong></span> 
     </span>
     <span class='ocr_line' id='line_1_56' title="bbox 236 4565 1037 4624; baseline 0 -12"><span class='ocrx_word' id='word_1_327' title='bbox 236 4573 321 4612; x_wconf 87' lang='lat' dir='ltr'><strong>conss.</strong></span> <span class='ocrx_word' id='word_1_328' title='bbox 926 4565 960 4624; x_wconf 89' lang='lat' dir='ltr'><strong>[a.</strong></span> <span class='ocrx_word' id='word_1_329' title='bbox 980 4565 1037 4624; x_wconf 84' lang='grc'><em>204]</em></span> 
     </span>
    </p>
   </div>
   <div class='ocr_carea' id='block_1_16' title="bbox 448 4699 818 4850">
    <p class='ocr_par' dir='ltr' id='par_1_19' title="bbox 448 4699 818 4850">
     <span class='ocr_line' id='line_1_57' title="bbox 464 4699 802 4776; baseline 0 -18"><span class='ocrx_word' id='word_1_330' title='bbox 464 4699 590 4760; x_wconf 87' lang='lat' dir='ltr'>XXXVI</span> <span class='ocrx_word' id='word_1_331' title='bbox 612 4699 802 4776; x_wconf 66' lang='grc' dir='ltr'><strong>(ΧΧΧἯΙ).12</strong></span> 
     </span>
     <span class='ocr_line' id='line_1_58' title="bbox 448 4797 818 4850; baseline 0 -4"><span class='ocrx_word' id='word_1_332' title='bbox 448 4797 479 4846; x_wconf 92' lang='lat' dir='ltr'><strong>SI</strong></span> <span class='ocrx_word' id='word_1_333' title='bbox 496 4799 668 4850; x_wconf 83' lang='lat' dir='ltr'><strong>ADVERSUS</strong></span> <span class='ocrx_word' id='word_1_334' title='bbox 684 4797 818 4848; x_wconf 85' lang='lat' dir='ltr'><strong>FISUUM.</strong></span> 
     </span>
    </p>
   </div>
   <div class='ocr_carea' id='block_1_17' title="bbox 234 4893 1037 5290">
    <p class='ocr_par' dir='ltr' id='par_1_20' title="bbox 234 4893 1037 5290">
     <span class='ocr_line' id='line_1_59' title="bbox 273 4893 1036 4968; baseline 0.005 -20"><span class='ocrx_word' id='word_1_335' title='bbox 273 4893 284 4948; x_wconf 90' lang='lat' dir='ltr'><strong>l</strong></span> <span class='ocrx_word' id='word_1_336' title='bbox 311 4895 417 4968; x_wconf 73' lang='lat' dir='ltr'><strong>&#39;Momm</strong></span> <span class='ocrx_word' id='word_1_337' title='bbox 431 4897 544 4952; x_wconf 78' lang='lat' dir='ltr'><strong>Seuerus</strong></span> <span class='ocrx_word' id='word_1_338' title='bbox 561 4897 748 4954; x_wconf 86' lang='lat' dir='ltr'><strong>etAniom&#39;nus</strong></span> <span class='ocrx_word' id='word_1_339' title='bbox 764 4899 819 4952; x_wconf 82' lang='grc' dir='ltr'><strong>ΛΑ.</strong></span> <span class='ocrx_word' id='word_1_340' title='bbox 839 4897 972 4968; x_wconf 77' lang='lat' dir='ltr'><strong>Lciipina.</strong></span> <span class='ocrx_word' id='word_1_341' title='bbox 1008 4897 1036 4952; x_wconf 89' lang='lat' dir='ltr'><strong>Si</strong></span> 
     </span>
     <span class='ocr_line' id='line_1_60' title="bbox 235 4963 1037 5020; baseline 0.002 -4"><span class='ocrx_word' id='word_1_342' title='bbox 235 4963 336 5016; x_wconf 87' lang='lat' dir='ltr'><strong>Probus</strong></span> <span class='ocrx_word' id='word_1_343' title='bbox 359 4965 385 5016; x_wconf 91' lang='lat' dir='ltr'><strong>in</strong></span> <span class='ocrx_word' id='word_1_344' title='bbox 407 4965 507 5020; x_wconf 88' lang='lat' dir='ltr'><strong>minore</strong></span> <span class='ocrx_word' id='word_1_345' title='bbox 525 4971 612 5020; x_wconf 81' lang='lat' dir='ltr'><strong>aetate</strong></span> <span class='ocrx_word' id='word_1_346' title='bbox 629 4965 788 5020; x_wconf 87' lang='lat' dir='ltr'><strong>constitutus</strong></span> <span class='ocrx_word' id='word_1_347' title='bbox 807 4967 1001 5020; x_wconf 88' lang='lat' dir='ltr'><strong>circumventus</strong></span> <span class='ocrx_word' id='word_1_348' title='bbox 1021 4981 1037 5018; x_wconf 87' lang='lat' dir='ltr'><strong>a</strong></span> 
     </span>
     <span class='ocr_line' id='line_1_61' title="bbox 235 5029 1035 5100; baseline 0.003 -16"><span class='ocrx_word' id='word_1_349' title='bbox 235 5029 330 5084; x_wconf 88' lang='lat' dir='ltr'><strong>Rufino</strong></span> <span class='ocrx_word' id='word_1_350' title='bbox 353 5031 533 5100; x_wconf 77' lang='lat' dir='ltr'><strong>dIspensatore</strong></span> <span class='ocrx_word' id='word_1_351' title='bbox 556 5037 646 5086; x_wconf 92' lang='lat' dir='ltr'><strong>nostro</strong></span> <span class='ocrx_word' id='word_1_352' title='bbox 669 5033 845 5086; x_wconf 88' lang='lat' dir='ltr'><strong>venditionem</strong></span> <span class='ocrx_word' id='word_1_353' title='bbox 871 5035 910 5086; x_wconf 88' lang='lat' dir='ltr'><strong>rei</strong></span> <span class='ocrx_word' id='word_1_354' title='bbox 933 5035 1035 5100; x_wconf 90' lang='lat' dir='ltr'><strong>praeci-</strong></span> 
     </span>
     <span class='ocr_line' id='line_1_62' title="bbox 234 5099 1035 5170; baseline 0 -18"><span class='ocrx_word' id='word_1_355' title='bbox 234 5099 282 5168; x_wconf 89' lang='lat' dir='ltr'><strong>piti</strong></span> <span class='ocrx_word' id='word_1_356' title='bbox 299 5099 384 5152; x_wconf 82' lang='lat' dir='ltr'><strong>ammo</strong></span> <span class='ocrx_word' id='word_1_357' title='bbox 402 5101 486 5168; x_wconf 90' lang='lat' dir='ltr'><strong>pretio</strong></span> <span class='ocrx_word' id='word_1_358' title='bbox 504 5101 580 5170; x_wconf 89' lang='lat' dir='ltr'><strong>longe</strong></span> <span class='ocrx_word' id='word_1_359' title='bbox 598 5101 699 5154; x_wconf 87' lang='lat' dir='ltr'><strong>minore</strong></span> <span class='ocrx_word' id='word_1_360' title='bbox 720 5101 876 5156; x_wconf 81' lang='lat' dir='ltr'><strong>conuehere</strong></span> <span class='ocrx_word' id='word_1_361' title='bbox 894 5101 1035 5166; x_wconf 79' lang='lat' dir='ltr'><strong>festinavit,</strong></span> 
     </span>
     <span class='ocr_line' id='line_1_63' title="bbox 234 5167 1034 5236; baseline 0.008 -18"><span class='ocrx_word' id='word_1_362' title='bbox 234 5167 297 5220; x_wconf 88' lang='lat' dir='ltr'><strong>iuris</strong></span> <span class='ocrx_word' id='word_1_363' title='bbox 315 5167 414 5236; x_wconf 89' lang='lat' dir='ltr'><strong>publici</strong></span> <span class='ocrx_word' id='word_1_364' title='bbox 431 5167 511 5222; x_wconf 86' lang='lat' dir='ltr'><strong>fiscus</strong></span> <span class='ocrx_word' id='word_1_365' title='bbox 529 5173 618 5224; x_wconf 88' lang='lat' dir='ltr'><strong>uester</strong></span> <span class='ocrx_word' id='word_1_366' title='bbox 635 5169 662 5222; x_wconf 90' lang='lat' dir='ltr'><strong>iu</strong></span> <span class='ocrx_word' id='word_1_367' title='bbox 679 5167 736 5222; x_wconf 88' lang='lat' dir='ltr'><strong>iure</strong></span> <span class='ocrx_word' id='word_1_368' title='bbox 752 5167 928 5224; x_wconf 88' lang='lat' dir='ltr'><strong>restitutionis</strong></span> <span class='ocrx_word' id='word_1_369' title='bbox 941 5183 1034 5236; x_wconf 85' lang='lat' dir='ltr'><strong>seque·</strong></span> 
     </span>
     <span class='ocr_line' id='line_1_64' title="bbox 234 5233 1034 5290; baseline 0.005 -4"><span class='ocrx_word' id='word_1_370' title='bbox 234 5241 279 5288; x_wconf 87' lang='lat' dir='ltr'><strong>tur</strong></span> <span class='ocrx_word' id='word_1_371' title='bbox 300 5233 491 5288; x_wconf 86' lang='lat' dir='ltr'><strong>auctoritatem.</strong></span> <span class='ocrx_word' id='word_1_372' title='bbox 531 5235 564 5290; x_wconf 91' lang='lat' dir='ltr'><strong>D.</strong></span> <span class='ocrx_word' id='word_1_373' title='bbox 588 5237 624 5290; x_wconf 88' lang='lat' dir='ltr'><strong>id.</strong></span> <span class='ocrx_word' id='word_1_374' title='bbox 648 5233 704 5290; x_wconf 84' lang='lat' dir='ltr'><strong>Oct.</strong></span> <span class='ocrx_word' id='word_1_375' title='bbox 724 5233 822 5290; x_wconf 84' lang='lat' dir='ltr'><strong>Seuero</strong></span> <span class='ocrx_word' id='word_1_376' title='bbox 845 5243 873 5290; x_wconf 86' lang='lat' dir='ltr'><strong>ct</strong></span> <span class='ocrx_word' id='word_1_377' title='bbox 896 5235 1034 5290; x_wconf 83' lang='lat' dir='ltr'><strong>Victorino</strong></span> 
     </span>
    </p>
   </div>
   <div class='ocr_carea' id='block_1_18' title="bbox 235 5309 1033 5368">
    <p class='ocr_par' dir='ltr' id='par_1_21' title="bbox 235 5309 1033 5368">
     <span class='ocr_line' id='line_1_65' title="bbox 235 5309 1033 5368; baseline 0.003 -14"><span class='ocrx_word' id='word_1_378' title='bbox 235 5317 319 5356; x_wconf 80' lang='lat' dir='ltr'><strong>conss.</strong></span> <span class='ocrx_word' id='word_1_379' title='bbox 920 5309 953 5368; x_wconf 82' lang='lat' dir='ltr'><strong>[a.</strong></span> <span class='ocrx_word' id='word_1_380' title='bbox 975 5309 1033 5368; x_wconf 82' lang='lat'>200]</span> 
     </span>
    </p>
   </div>
   <div class='ocr_carea' id='block_1_19' title="bbox 1077 537 1961 2040">
    <p class='ocr_par' dir='ltr' id='par_1_22' title="bbox 1077 537 1909 1156">
     <span class='ocr_line' id='line_1_66' title="bbox 1077 537 1908 628; baseline 0.008 -30"><span class='ocrx_word' id='word_1_381' title='bbox 1077 537 1082 562; x_wconf 85' lang='lat'>&#39;</span> <span class='ocrx_word' id='word_1_382' title='bbox 1139 537 1158 598; x_wconf 82' lang='lat'><strong>2</strong></span> <span class='ocrx_word' id='word_1_383' title='bbox 1181 543 1430 628; x_wconf 39' lang='lat' dir='ltr'><strong>Imm&#39;cilexunrlcr</strong></span> <span class='ocrx_word' id='word_1_384' title='bbox 1452 549 1483 604; x_wconf 85' lang='lat' dir='ltr'><strong>A.</strong></span> <span class='ocrx_word' id='word_1_385' title='bbox 1502 549 1635 604; x_wconf 85' lang='lat' dir='ltr'><strong>Antiocho</strong></span> <span class='ocrx_word' id='word_1_386' title='bbox 1658 555 1685 604; x_wconf 86' lang='lat' dir='ltr'><strong>ct</strong></span> <span class='ocrx_word' id='word_1_387' title='bbox 1707 549 1775 604; x_wconf 88' lang='lat' dir='ltr'><strong>aliis.</strong></span> <span class='ocrx_word' id='word_1_388' title='bbox 1816 551 1845 604; x_wconf 90' lang='lat' dir='ltr'><strong>Si</strong></span> <span class='ocrx_word' id='word_1_389' title='bbox 1862 551 1908 604; x_wconf 90' lang='lat' dir='ltr'><strong>ad-</strong></span> 
     </span>
     <span class='ocr_line' id='line_1_67' title="bbox 1103 617 1908 686; baseline 0.005 -20"><span class='ocrx_word' id='word_1_390' title='bbox 1103 629 1194 668; x_wconf 84' lang='lat' dir='ltr'><strong>versus</strong></span> <span class='ocrx_word' id='word_1_391' title='bbox 1221 621 1338 686; x_wconf 84' lang='lat' dir='ltr'><strong>privatos</strong></span> <span class='ocrx_word' id='word_1_392' title='bbox 1362 631 1390 668; x_wconf 87' lang='lat' dir='ltr'><strong>m</strong></span> <span class='ocrx_word' id='word_1_393' title='bbox 1416 617 1548 684; x_wconf 90' lang='lat' dir='ltr'><strong>integrum</strong></span> <span class='ocrx_word' id='word_1_394' title='bbox 1578 619 1770 674; x_wconf 89' lang='lat' dir='ltr'><strong>restitutionem</strong></span> <span class='ocrx_word' id='word_1_395' title='bbox 1798 623 1851 672; x_wconf 89' lang='lat' dir='ltr'><strong>tam</strong></span> <span class='ocrx_word' id='word_1_396' title='bbox 1878 625 1908 670; x_wconf 89' lang='lat' dir='ltr'><strong>tu</strong></span> 
     </span>
     <span class='ocr_line' id='line_1_68' title="bbox 1104 681 1909 754; baseline 0.005 -18"><span class='ocrx_word' id='word_1_397' title='bbox 1104 699 1182 752; x_wconf 91' lang='lat' dir='ltr'><strong>quam</strong></span> <span class='ocrx_word' id='word_1_398' title='bbox 1207 681 1304 738; x_wconf 85' lang='lat' dir='ltr'><strong>iratres</strong></span> <span class='ocrx_word' id='word_1_399' title='bbox 1332 685 1371 736; x_wconf 92' lang='lat' dir='ltr'><strong>tui</strong></span> <span class='ocrx_word' id='word_1_400' title='bbox 1402 683 1569 752; x_wconf 88' lang='lat' dir='ltr'><strong>desideratis,</strong></span> <span class='ocrx_word' id='word_1_401' title='bbox 1601 685 1728 754; x_wconf 85' lang='lat' dir='ltr'><strong>praesidis</strong></span> <span class='ocrx_word' id='word_1_402' title='bbox 1757 687 1909 754; x_wconf 87' lang='lat' dir='ltr'><strong>provinciae</strong></span> 
     </span>
     <span class='ocr_line' id='line_1_69' title="bbox 1103 751 1908 822; baseline 0.005 -18"><span class='ocrx_word' id='word_1_403' title='bbox 1103 751 1152 804; x_wconf 89' lang='lat' dir='ltr'><strong>viri</strong></span> <span class='ocrx_word' id='word_1_404' title='bbox 1170 751 1309 808; x_wconf 86' lang='lat' dir='ltr'><strong>clarissimi</strong></span> <span class='ocrx_word' id='word_1_405' title='bbox 1326 751 1398 806; x_wconf 88' lang='lat' dir='ltr'><strong>notio</strong></span> <span class='ocrx_word' id='word_1_406' title='bbox 1417 757 1458 806; x_wconf 91' lang='lat' dir='ltr'><strong>est</strong></span> <span class='ocrx_word' id='word_1_407' title='bbox 1475 753 1551 820; x_wconf 86' lang='lat' dir='ltr'><strong>isque</strong></span> <span class='ocrx_word' id='word_1_408' title='bbox 1569 769 1651 808; x_wconf 85' lang='lat' dir='ltr'><strong>causa</strong></span> <span class='ocrx_word' id='word_1_409' title='bbox 1666 755 1772 822; x_wconf 87' lang='lat' dir='ltr'><strong>cognita</strong></span> <span class='ocrx_word' id='word_1_410' title='bbox 1784 755 1908 808; x_wconf 87' lang='lat' dir='ltr'><strong>aestima·</strong></span> 
     </span>
     <span class='ocr_line' id='line_1_70' title="bbox 1103 819 1908 888; baseline 0.002 -16"><span class='ocrx_word' id='word_1_411' title='bbox 1103 821 1154 884; x_wconf 88' lang='lat' dir='ltr'><strong>hit,</strong></span> <span class='ocrx_word' id='word_1_412' title='bbox 1181 835 1216 874; x_wconf 84' lang='lat' dir='ltr'><strong>an</strong></span> <span class='ocrx_word' id='word_1_413' title='bbox 1241 819 1368 874; x_wconf 87' lang='lat' dir='ltr'><strong>auxilium</strong></span> <span class='ocrx_word' id='word_1_414' title='bbox 1395 821 1466 888; x_wconf 86' lang='lat' dir='ltr'><strong>quod</strong></span> <span class='ocrx_word' id='word_1_415' title='bbox 1495 823 1641 888; x_wconf 88' lang='lat' dir='ltr'><strong>imploratis</strong></span> <span class='ocrx_word' id='word_1_416' title='bbox 1667 821 1781 876; x_wconf 88' lang='lat' dir='ltr'><strong>conferri</strong></span> <span class='ocrx_word' id='word_1_417' title='bbox 1807 823 1836 876; x_wconf 91' lang='lat' dir='ltr'><strong>in</strong></span> <span class='ocrx_word' id='word_1_418' title='bbox 1862 839 1908 874; x_wconf 84' lang='lat' dir='ltr'><strong>ros</strong></span> 
     </span>
     <span class='ocr_line' id='line_1_71' title="bbox 1103 887 1907 958; baseline 0.002 -18"><span class='ocrx_word' id='word_1_419' title='bbox 1103 887 1203 940; x_wconf 87' lang='lat' dir='ltr'><strong>debeat.</strong></span> <span class='ocrx_word' id='word_1_420' title='bbox 1246 889 1315 956; x_wconf 87' lang='lat' dir='ltr'><strong>quod</strong></span> <span class='ocrx_word' id='word_1_421' title='bbox 1338 889 1360 940; x_wconf 92' lang='lat' dir='ltr'><strong>si</strong></span> <span class='ocrx_word' id='word_1_422' title='bbox 1382 889 1507 942; x_wconf 86' lang='lat' dir='ltr'><strong>adversus</strong></span> <span class='ocrx_word' id='word_1_423' title='bbox 1529 889 1623 942; x_wconf 87' lang='lat' dir='ltr'><strong>fiscum</strong></span> <span class='ocrx_word' id='word_1_424' title='bbox 1644 889 1670 942; x_wconf 92' lang='lat' dir='ltr'><strong>id</strong></span> <span class='ocrx_word' id='word_1_425' title='bbox 1694 889 1843 958; x_wconf 88' lang='lat' dir='ltr'><strong>postulatis,</strong></span> <span class='ocrx_word' id='word_1_426' title='bbox 1867 889 1907 942; x_wconf 85' lang='lat' dir='ltr'><strong>in·</strong></span> 
     </span>
     <span class='ocr_line' id='line_1_72' title="bbox 1102 955 1908 1026; baseline 0.007 -20"><span class='ocrx_word' id='word_1_427' title='bbox 1102 955 1224 1020; x_wconf 80' lang='lat' dir='ltr'><strong>tellegitIs</strong></span> <span class='ocrx_word' id='word_1_428' title='bbox 1256 959 1455 1026; x_wconf 86' lang='lat' dir='ltr'><strong>procuratorem</strong></span> <span class='ocrx_word' id='word_1_429' title='bbox 1485 971 1572 1010; x_wconf 90' lang='lat' dir='ltr'><strong>meum</strong></span> <span class='ocrx_word' id='word_1_430' title='bbox 1604 973 1657 1010; x_wconf 88' lang='lat' dir='ltr'><strong>una</strong></span> <span class='ocrx_word' id='word_1_431' title='bbox 1691 975 1749 1012; x_wconf 88' lang='lat' dir='ltr'><strong>cum</strong></span> <span class='ocrx_word' id='word_1_432' title='bbox 1777 957 1908 1024; x_wconf 86' lang='lat' dir='ltr'><strong>praeside,</strong></span> 
     </span>
     <span class='ocr_line' id='line_1_73' title="bbox 1102 1025 1906 1096; baseline 0.002 -20"><span class='ocrx_word' id='word_1_433' title='bbox 1102 1031 1240 1090; x_wconf 86' lang='lat' dir='ltr'><strong>praesente</strong></span> <span class='ocrx_word' id='word_1_434' title='bbox 1257 1025 1314 1078; x_wconf 85' lang='lat' dir='ltr'><strong>fisci</strong></span> <span class='ocrx_word' id='word_1_435' title='bbox 1331 1029 1455 1094; x_wconf 86' lang='lat' dir='ltr'><strong>patrona,</strong></span> <span class='ocrx_word' id='word_1_436' title='bbox 1474 1025 1548 1096; x_wconf 77' lang='lat' dir='ltr'><strong>adise</strong></span> <span class='ocrx_word' id='word_1_437' title='bbox 1563 1041 1608 1078; x_wconf 90' lang='lat' dir='ltr'><strong>vos</strong></span> <span class='ocrx_word' id='word_1_438' title='bbox 1628 1027 1729 1078; x_wconf 90' lang='lat' dir='ltr'><strong>debere.</strong></span> <span class='ocrx_word' id='word_1_439' title='bbox 1758 1025 1791 1080; x_wconf 92' lang='lat' dir='ltr'><strong>D.</strong></span> <span class='ocrx_word' id='word_1_440' title='bbox 1802 1025 1827 1078; x_wconf 82' lang='lat' dir='ltr'><strong>lc.</strong></span> <span class='ocrx_word' id='word_1_441' title='bbox 1838 1027 1906 1096; x_wconf 76' lang='lat' dir='ltr'><strong>Arcp.</strong></span> 
     </span>
     <span class='ocr_line' id='line_1_74' title="bbox 1102 1091 1905 1156; baseline 0.005 -12"><span class='ocrx_word' id='word_1_442' title='bbox 1102 1091 1260 1144; x_wconf 78' lang='lat' dir='ltr'><strong>Alexandro</strong></span> <span class='ocrx_word' id='word_1_443' title='bbox 1278 1093 1308 1146; x_wconf 82' lang='grc' dir='ltr'><strong>Α.</strong></span> <span class='ocrx_word' id='word_1_444' title='bbox 1328 1107 1356 1146; x_wconf 85' lang='lat' dir='ltr'><strong>rr</strong></span> <span class='ocrx_word' id='word_1_445' title='bbox 1371 1097 1398 1146; x_wconf 89' lang='lat' dir='ltr'><strong>et</strong></span> <span class='ocrx_word' id='word_1_446' title='bbox 1414 1091 1546 1146; x_wconf 84' lang='lat' dir='ltr'><strong>Marcello</strong></span> <span class='ocrx_word' id='word_1_447' title='bbox 1565 1107 1650 1146; x_wconf 88' lang='lat' dir='ltr'><strong>conss.</strong></span> <span class='ocrx_word' id='word_1_448' title='bbox 1795 1099 1827 1156; x_wconf 92' lang='lat' dir='ltr'><strong>[a.</strong></span> <span class='ocrx_word' id='word_1_449' title='bbox 1848 1097 1905 1156; x_wconf 85' lang='grc'><em>226]</em></span> 
     </span>
    </p>

    <p class='ocr_par' dir='ltr' id='par_1_23' title="bbox 1100 1155 1961 2040">
     <span class='ocr_line' id='line_1_75' title="bbox 1136 1155 1905 1240; baseline -0.001 -26"><span class='ocrx_word' id='word_1_450' title='bbox 1136 1155 1153 1214; x_wconf 89' lang='lat'><strong>3</strong></span> <span class='ocrx_word' id='word_1_451' title='bbox 1173 1155 1260 1240; x_wconf 70' lang='lat' dir='ltr'><strong>impp.</strong></span> <span class='ocrx_word' id='word_1_452' title='bbox 1280 1159 1466 1216; x_wconf 85' lang='lat' dir='ltr'><strong>Diocletianus</strong></span> <span class='ocrx_word' id='word_1_453' title='bbox 1488 1165 1516 1214; x_wconf 90' lang='lat' dir='ltr'><strong>et</strong></span> <span class='ocrx_word' id='word_1_454' title='bbox 1531 1159 1718 1214; x_wconf 76' lang='lat' dir='ltr'><strong>Maximianus</strong></span> <span class='ocrx_word' id='word_1_455' title='bbox 1734 1161 1790 1214; x_wconf 75' lang='lat' dir='ltr'><strong>uA.</strong></span> <span class='ocrx_word' id='word_1_456' title='bbox 1814 1167 1840 1216; x_wconf 90' lang='lat' dir='ltr'><strong>ct</strong></span> <span class='ocrx_word' id='word_1_457' title='bbox 1859 1159 1905 1216; x_wconf 86' lang='grc'><strong>00.</strong></span> 
     </span>
     <span class='ocr_line' id='line_1_76' title="bbox 1102 1225 1908 1298; baseline 0 -18"><span class='ocrx_word' id='word_1_458' title='bbox 1102 1225 1256 1280; x_wconf 83' lang='lat' dir='ltr'><strong>Laurentio.</strong></span> <span class='ocrx_word' id='word_1_459' title='bbox 1288 1227 1383 1282; x_wconf 88' lang='lat' dir='ltr'><strong>Edicto</strong></span> <span class='ocrx_word' id='word_1_460' title='bbox 1402 1225 1507 1298; x_wconf 87' lang='lat' dir='ltr'><strong>quidem</strong></span> <span class='ocrx_word' id='word_1_461' title='bbox 1526 1227 1578 1282; x_wconf 89' lang='lat' dir='ltr'><strong>divi</strong></span> <span class='ocrx_word' id='word_1_462' title='bbox 1590 1227 1676 1282; x_wconf 86' lang='lat' dir='ltr'><strong>Marci</strong></span> <span class='ocrx_word' id='word_1_463' title='bbox 1691 1229 1809 1296; x_wconf 86' lang='lat' dir='ltr'><strong>parentis</strong></span> <span class='ocrx_word' id='word_1_464' title='bbox 1822 1231 1908 1282; x_wconf 88' lang='lat' dir='ltr'><strong>nostri</strong></span> 
     </span>
     <span class='ocr_line' id='line_1_77' title="bbox 1102 1295 1905 1362; baseline 0.002 -14"><span class='ocrx_word' id='word_1_465' title='bbox 1102 1309 1143 1348; x_wconf 89' lang='lat' dir='ltr'><strong>res</strong></span> <span class='ocrx_word' id='word_1_466' title='bbox 1166 1295 1295 1348; x_wconf 87' lang='lat' dir='ltr'><strong>minorum</strong></span> <span class='ocrx_word' id='word_1_467' title='bbox 1319 1305 1447 1362; x_wconf 83' lang='lat' dir='ltr'><strong>exceptae</strong></span> <span class='ocrx_word' id='word_1_468' title='bbox 1470 1297 1534 1348; x_wconf 89' lang='lat' dir='ltr'><strong>nibil</strong></span> <span class='ocrx_word' id='word_1_469' title='bbox 1556 1299 1632 1348; x_wconf 87' lang='lat' dir='ltr'><strong>tuum</strong></span> <span class='ocrx_word' id='word_1_470' title='bbox 1655 1297 1780 1350; x_wconf 88' lang='lat' dir='ltr'><strong>adiuvant</strong></span> <span class='ocrx_word' id='word_1_471' title='bbox 1804 1295 1905 1352; x_wconf 88' lang='lat' dir='ltr'><strong>deside-</strong></span> 
     </span>
     <span class='ocr_line' id='line_1_78' title="bbox 1101 1363 1907 1432; baseline 0 -16"><span class='ocrx_word' id='word_1_472' title='bbox 1101 1363 1177 1426; x_wconf 90' lang='lat' dir='ltr'><strong>rium,</strong></span> <span class='ocrx_word' id='word_1_473' title='bbox 1197 1363 1336 1432; x_wconf 89' lang='lat' dir='ltr'><strong>siquidem</strong></span> <span class='ocrx_word' id='word_1_474' title='bbox 1351 1363 1433 1416; x_wconf 90' lang='lat' dir='ltr'><strong>debiti</strong></span> <span class='ocrx_word' id='word_1_475' title='bbox 1451 1377 1533 1418; x_wconf 83' lang='lat' dir='ltr'><strong>causa</strong></span> <span class='ocrx_word' id='word_1_476' title='bbox 1550 1363 1635 1432; x_wconf 87' lang='lat' dir='ltr'><strong>patris</strong></span> <span class='ocrx_word' id='word_1_477' title='bbox 1652 1363 1810 1418; x_wconf 88' lang='lat' dir='ltr'><strong>minorisvel</strong></span> <span class='ocrx_word' id='word_1_478' title='bbox 1829 1365 1907 1420; x_wconf 86' lang='lat' dir='ltr'><strong>etiam</strong></span> 
     </span>
     <span class='ocr_line' id='line_1_79' title="bbox 1101 1431 1907 1500; baseline 0.002 -16"><span class='ocrx_word' id='word_1_479' title='bbox 1101 1431 1184 1498; x_wconf 80' lang='lat' dir='ltr'><strong>ipsine</strong></span> <span class='ocrx_word' id='word_1_480' title='bbox 1202 1431 1310 1498; x_wconf 84' lang='lat' dir='ltr'><strong>praedic</strong></span> <span class='ocrx_word' id='word_1_481' title='bbox 1325 1433 1484 1486; x_wconf 82' lang='lat' dir='ltr'><strong>venumdata</strong></span> <span class='ocrx_word' id='word_1_482' title='bbox 1502 1431 1673 1498; x_wconf 87' lang='lat' dir='ltr'><strong>quinquennii</strong></span> <span class='ocrx_word' id='word_1_483' title='bbox 1690 1433 1907 1500; x_wconf 86' lang='lat' dir='ltr'><strong>praescriptionis</strong></span> 
     </span>
     <span class='ocr_line' id='line_1_80' title="bbox 1104 1497 1907 1570; baseline 0.002 -20"><span class='ocrx_word' id='word_1_484' title='bbox 1104 1507 1113 1550; x_wconf 83' lang='lat' dir='ltr'><strong>t</strong></span> <span class='ocrx_word' id='word_1_485' title='bbox 1151 1499 1249 1552; x_wconf 88' lang='lat' dir='ltr'><strong>nullam</strong></span> <span class='ocrx_word' id='word_1_486' title='bbox 1268 1497 1410 1552; x_wconf 87' lang='lat' dir='ltr'><strong>admittunt</strong></span> <span class='ocrx_word' id='word_1_487' title='bbox 1428 1501 1616 1568; x_wconf 88' lang='lat' dir='ltr'><strong>quaestionem.</strong></span> <span class='ocrx_word' id='word_1_488' title='bbox 1647 1501 1699 1552; x_wconf 91' lang='lat' dir='ltr'><strong>Sed</strong></span> <span class='ocrx_word' id='word_1_489' title='bbox 1717 1501 1841 1568; x_wconf 90' lang='lat' dir='ltr'><strong>quoniam</strong></span> <span class='ocrx_word' id='word_1_490' title='bbox 1859 1515 1907 1570; x_wconf 90' lang='lat' dir='ltr'><strong>per</strong></span> 
     </span>
     <span class='ocr_line' id='line_1_81' title="bbox 1102 1567 1905 1636; baseline 0 -16"><span class='ocrx_word' id='word_1_491' title='bbox 1102 1567 1272 1620; x_wconf 89' lang='lat' dir='ltr'><strong>collusionem</strong></span> <span class='ocrx_word' id='word_1_492' title='bbox 1290 1567 1343 1620; x_wconf 86' lang='lat' dir='ltr'><strong>sive</strong></span> <span class='ocrx_word' id='word_1_493' title='bbox 1361 1567 1479 1620; x_wconf 86' lang='lat' dir='ltr'><strong>fraudem</strong></span> <span class='ocrx_word' id='word_1_494' title='bbox 1498 1573 1562 1620; x_wconf 90' lang='lat' dir='ltr'><strong>tune</strong></span> <span class='ocrx_word' id='word_1_495' title='bbox 1579 1569 1704 1636; x_wconf 88' lang='lat' dir='ltr'><strong>temporis</strong></span> <span class='ocrx_word' id='word_1_496' title='bbox 1724 1569 1905 1636; x_wconf 86' lang='lat' dir='ltr'><strong>procuratoris</strong></span> 
     </span>
     <span class='ocr_line' id='line_1_82' title="bbox 1101 1633 1905 1704; baseline 0 -16"><span class='ocrx_word' id='word_1_497' title='bbox 1101 1635 1185 1688; x_wconf 89' lang='lat' dir='ltr'><strong>nostri</strong></span> <span class='ocrx_word' id='word_1_498' title='bbox 1207 1635 1282 1690; x_wconf 89' lang='lat' dir='ltr'><strong>nimis</strong></span> <span class='ocrx_word' id='word_1_499' title='bbox 1306 1633 1399 1702; x_wconf 87' lang='lat' dir='ltr'><strong>exiguo</strong></span> <span class='ocrx_word' id='word_1_500' title='bbox 1423 1635 1509 1704; x_wconf 88' lang='lat' dir='ltr'><strong>pretio</strong></span> <span class='ocrx_word' id='word_1_501' title='bbox 1532 1633 1644 1688; x_wconf 83' lang='lat' dir='ltr'><strong>fundum</strong></span> <span class='ocrx_word' id='word_1_502' title='bbox 1661 1643 1735 1690; x_wconf 90' lang='lat' dir='ltr'><strong>tuum</strong></span> <span class='ocrx_word' id='word_1_503' title='bbox 1754 1651 1814 1690; x_wconf 91' lang='lat' dir='ltr'><strong>cum</strong></span> <span class='ocrx_word' id='word_1_504' title='bbox 1832 1651 1905 1690; x_wconf 86' lang='lat' dir='ltr'><strong>man·</strong></span> 
     </span>
     <span class='ocr_line' id='line_1_83' title="bbox 1101 1703 1906 1770; baseline 0 -14"><span class='ocrx_word' id='word_1_505' title='bbox 1101 1703 1175 1770; x_wconf 90' lang='lat' dir='ltr'><strong>cipiis</strong></span> <span class='ocrx_word' id='word_1_506' title='bbox 1202 1704 1388 1756; x_wconf 87' lang='lat' dir='ltr'><strong>venumdatum</strong></span> <span class='ocrx_word' id='word_1_507' title='bbox 1413 1703 1566 1766; x_wconf 76' lang='lat' dir='ltr'><strong>adserente,</strong></span> <span class='ocrx_word' id='word_1_508' title='bbox 1598 1705 1620 1756; x_wconf 88' lang='lat' dir='ltr'><strong>si</strong></span> <span class='ocrx_word' id='word_1_509' title='bbox 1652 1703 1741 1756; x_wconf 87' lang='lat' dir='ltr'><strong>aditus</strong></span> <span class='ocrx_word' id='word_1_510' title='bbox 1769 1703 1906 1758; x_wconf 89' lang='lat' dir='ltr'><strong>rationalis</strong></span> 
     </span>
     <span class='ocr_line' id='line_1_84' title="bbox 1100 1771 1906 1838; baseline 0.002 -16"><span class='ocrx_word' id='word_1_511' title='bbox 1100 1775 1189 1824; x_wconf 83' lang='lat' dir='ltr'><strong>noster</strong></span> <span class='ocrx_word' id='word_1_512' title='bbox 1206 1771 1259 1824; x_wconf 90' lang='lat' dir='ltr'><strong>tuis</strong></span> <span class='ocrx_word' id='word_1_513' title='bbox 1278 1771 1488 1838; x_wconf 84' lang='lat' dir='ltr'><strong>adlegationibus</strong></span> <span class='ocrx_word' id='word_1_514' title='bbox 1504 1771 1598 1824; x_wconf 90' lang='lat' dir='ltr'><strong>adesse</strong></span> <span class='ocrx_word' id='word_1_515' title='bbox 1611 1771 1690 1824; x_wconf 89' lang='lat' dir='ltr'><strong>fidem</strong></span> <span class='ocrx_word' id='word_1_516' title='bbox 1708 1787 1757 1826; x_wconf 91' lang='lat' dir='ltr'><strong>nec</strong></span> <span class='ocrx_word' id='word_1_517' title='bbox 1775 1777 1906 1826; x_wconf 86' lang='lat' dir='ltr'><strong>servatam</strong></span> 
     </span>
     <span class='ocr_line' id='line_1_85' title="bbox 1101 1837 1906 1906; baseline 0 -14"><span class='ocrx_word' id='word_1_518' title='bbox 1101 1839 1302 1892; x_wconf 87' lang='lat' dir='ltr'><strong>sollemnitatem</strong></span> <span class='ocrx_word' id='word_1_519' title='bbox 1320 1839 1458 1892; x_wconf 87' lang='lat' dir='ltr'><strong>hastarum</strong></span> <span class='ocrx_word' id='word_1_520' title='bbox 1467 1837 1688 1906; x_wconf 84' lang='lat' dir='ltr'><strong>animadverterit,</strong></span> <span class='ocrx_word' id='word_1_521' title='bbox 1706 1839 1772 1894; x_wconf 83' lang='lat' dir='ltr'><strong>fisco</strong></span> <span class='ocrx_word' id='word_1_522' title='bbox 1788 1845 1814 1892; x_wconf 88' lang='lat' dir='ltr'><strong>te</strong></span> <span class='ocrx_word' id='word_1_523' title='bbox 1828 1841 1906 1894; x_wconf 87' lang='lat' dir='ltr'><strong>satis-</strong></span> 
     </span>
     <span class='ocr_line' id='line_1_86' title="bbox 1100 1905 1906 1962; baseline 0 -2"><span class='ocrx_word' id='word_1_524' title='bbox 1100 1905 1214 1960; x_wconf 87' lang='lat' dir='ltr'><strong>faciente</strong></span> <span class='ocrx_word' id='word_1_525' title='bbox 1244 1911 1368 1960; x_wconf 87' lang='lat' dir='ltr'><strong>revocata</strong></span> <span class='ocrx_word' id='word_1_526' title='bbox 1401 1905 1552 1960; x_wconf 78' lang='lat' dir='ltr'><strong>venditione</strong></span> <span class='ocrx_word' id='word_1_527' title='bbox 1583 1905 1694 1962; x_wconf 82' lang='lat' dir='ltr'><strong>fundum</strong></span> <span class='ocrx_word' id='word_1_528' title='bbox 1725 1907 1775 1960; x_wconf 91' lang='lat' dir='ltr'><strong>tibi</strong></span> <span class='ocrx_word' id='word_1_529' title='bbox 1802 1907 1906 1960; x_wconf 87' lang='lat' dir='ltr'><strong>restitui</strong></span> 
     </span>
     <span class='ocr_line' id='line_1_87' title="bbox 1100 1973 1961 2040; baseline 0.001 -14"><span class='ocrx_word' id='word_1_530' title='bbox 1100 1975 1207 2028; x_wconf 91' lang='lat' dir='ltr'><strong>iubebit.</strong></span> <span class='ocrx_word' id='word_1_531' title='bbox 1243 1975 1275 2028; x_wconf 92' lang='lat' dir='ltr'><strong>D.</strong></span> <span class='ocrx_word' id='word_1_532' title='bbox 1295 1975 1330 2028; x_wconf 82' lang='lat' dir='ltr'><strong>ta.</strong></span> <span class='ocrx_word' id='word_1_533' title='bbox 1349 1973 1427 2028; x_wconf 81' lang='lat' dir='ltr'><strong>Febr.</strong></span> <span class='ocrx_word' id='word_1_534' title='bbox 1447 1975 1530 2026; x_wconf 84' lang='lat' dir='ltr'><strong>Sirmi</strong></span> <span class='ocrx_word' id='word_1_535' title='bbox 1550 1973 1596 2030; x_wconf 90' lang='grc'><strong>00.</strong></span> <span class='ocrx_word' id='word_1_536' title='bbox 1616 1991 1701 2028; x_wconf 88' lang='lat' dir='ltr'><strong>conss.</strong></span> <span class='ocrx_word' id='word_1_537' title='bbox 1793 1981 1826 2040; x_wconf 92' lang='lat' dir='ltr'><strong>[a.</strong></span> <span class='ocrx_word' id='word_1_538' title='bbox 1846 1979 1905 2038; x_wconf 80' lang='grc'><strong>294]</strong></span> <span class='ocrx_word' id='word_1_539' title='bbox 1960 2015 1961 2018; x_wconf 16' lang='grc'><em>0</em></span> 
     </span>
    </p>
   </div>
   <div class='ocr_carea' id='block_1_20' title="bbox 1270 2179 1735 2332">
    <p class='ocr_par' dir='ltr' id='par_1_24' title="bbox 1270 2179 1735 2332">
     <span class='ocr_line' id='line_1_88' title="bbox 1316 2179 1688 2258; baseline 0 -16"><span class='ocrx_word' id='word_1_540' title='bbox 1316 2181 1455 2242; x_wconf 80' lang='lat' dir='ltr'><strong>unxvu</strong></span> <span class='ocrx_word' id='word_1_541' title='bbox 1478 2179 1688 2258; x_wconf 68' lang='lat' dir='ltr'><strong>rnuxvuun</strong></span> 
     </span>
     <span class='ocr_line' id='line_1_89' title="bbox 1270 2281 1735 2332; baseline -0.004 0"><span class='ocrx_word' id='word_1_542' title='bbox 1270 2283 1300 2332; x_wconf 90' lang='lat' dir='ltr'><strong>SI</strong></span> <span class='ocrx_word' id='word_1_543' title='bbox 1317 2281 1490 2332; x_wconf 85' lang='lat' dir='ltr'><strong>ADVERSUS</strong></span> <span class='ocrx_word' id='word_1_544' title='bbox 1509 2281 1735 2332; x_wconf 80' lang='lat' dir='ltr'><strong>UREDITOREM.</strong></span> 
     </span>
    </p>
   </div>
   <div class='ocr_carea' id='block_1_21' title="bbox 1095 2379 1902 3192">
    <p class='ocr_par' dir='ltr' id='par_1_25' title="bbox 1098 2379 1902 2652">
     <span class='ocr_line' id='line_1_90' title="bbox 1136 2379 1902 2454; baseline -0.008 -14"><span class='ocrx_word' id='word_1_545' title='bbox 1136 2383 1149 2440; x_wconf 89' lang='lat'>1</span> <span class='ocrx_word' id='word_1_546' title='bbox 1170 2381 1238 2454; x_wconf 85' lang='lat' dir='ltr'><strong>Imp.</strong></span> <span class='ocrx_word' id='word_1_547' title='bbox 1254 2383 1408 2438; x_wconf 82' lang='lat' dir='ltr'><strong>Antoninus</strong></span> <span class='ocrx_word' id='word_1_548' title='bbox 1421 2383 1452 2436; x_wconf 86' lang='grc' dir='ltr'><strong>Α.</strong></span> <span class='ocrx_word' id='word_1_549' title='bbox 1474 2379 1602 2434; x_wconf 90' lang='lat' dir='ltr'><strong>Prunico.</strong></span> <span class='ocrx_word' id='word_1_550' title='bbox 1639 2383 1704 2436; x_wconf 82' lang='lat' dir='ltr'><strong>Gum</strong></span> <span class='ocrx_word' id='word_1_551' title='bbox 1721 2381 1821 2450; x_wconf 88' lang='lat' dir='ltr'><strong>etipse</strong></span> <span class='ocrx_word' id='word_1_552' title='bbox 1841 2397 1902 2434; x_wconf 90' lang='lat' dir='ltr'><strong>eon-</strong></span> 
     </span>
     <span class='ocr_line' id='line_1_91' title="bbox 1098 2449 1902 2518; baseline -0.002 -14"><span class='ocrx_word' id='word_1_553' title='bbox 1098 2451 1196 2506; x_wconf 84' lang='lat' dir='ltr'><strong>fitearis</strong></span> <span class='ocrx_word' id='word_1_554' title='bbox 1206 2455 1227 2488; x_wconf 79' lang='lat'><strong>¹⁵</strong></span> <span class='ocrx_word' id='word_1_555' title='bbox 1244 2467 1305 2506; x_wconf 88' lang='lat' dir='ltr'><strong>cum</strong></span> <span class='ocrx_word' id='word_1_556' title='bbox 1317 2449 1456 2506; x_wconf 86' lang='lat' dir='ltr'><strong>Zenodora</strong></span> <span class='ocrx_word' id='word_1_557' title='bbox 1470 2449 1571 2502; x_wconf 88' lang='lat' dir='ltr'><strong>minore</strong></span> <span class='ocrx_word' id='word_1_558' title='bbox 1584 2449 1674 2518; x_wconf 76' lang='lat' dir='ltr'><strong>vigInti</strong></span> <span class='ocrx_word' id='word_1_559' title='bbox 1693 2451 1808 2518; x_wconf 88' lang='lat' dir='ltr'><strong>quinque</strong></span> <span class='ocrx_word' id='word_1_560' title='bbox 1826 2451 1902 2502; x_wconf 87' lang='lat' dir='ltr'><strong>annis</strong></span> 
     </span>
     <span class='ocr_line' id='line_1_92' title="bbox 1099 2517 1902 2584; baseline -0.002 -12"><span class='ocrx_word' id='word_1_561' title='bbox 1099 2521 1262 2574; x_wconf 81' lang='lat' dir='ltr'><strong>contraxisse</strong></span> <span class='ocrx_word' id='word_1_562' title='bbox 1280 2535 1328 2572; x_wconf 89' lang='grc'><strong>000</strong></span> <span class='ocrx_word' id='word_1_563' title='bbox 1353 2519 1447 2572; x_wconf 89' lang='lat' dir='ltr'><strong>docere</strong></span> <span class='ocrx_word' id='word_1_564' title='bbox 1465 2517 1585 2584; x_wconf 85' lang='lat' dir='ltr'><strong>potuisse</strong></span> <span class='ocrx_word' id='word_1_565' title='bbox 1601 2519 1719 2584; x_wconf 87' lang='lat' dir='ltr'><strong>praetori</strong></span> <span class='ocrx_word' id='word_1_566' title='bbox 1737 2519 1793 2570; x_wconf 86' lang='lat' dir='ltr'><strong>viro</strong></span> <span class='ocrx_word' id='word_1_567' title='bbox 1812 2517 1902 2570; x_wconf 88' lang='lat' dir='ltr'><strong>elaris-</strong></span> 
     </span>
     <span class='ocr_line' id='line_1_93' title="bbox 1098 2585 1901 2652; baseline -0.002 -12"><span class='ocrx_word' id='word_1_568' title='bbox 1098 2589 1163 2642; x_wconf 89' lang='lat' dir='ltr'><strong>simo</strong></span> <span class='ocrx_word' id='word_1_569' title='bbox 1187 2605 1219 2644; x_wconf 84' lang='lat' dir='ltr'><strong>ex</strong></span> <span class='ocrx_word' id='word_1_570' title='bbox 1242 2605 1272 2642; x_wconf 88' lang='lat' dir='ltr'><strong>eo</strong></span> <span class='ocrx_word' id='word_1_571' title='bbox 1296 2591 1437 2640; x_wconf 89' lang='lat' dir='ltr'><strong>contractu</strong></span> <span class='ocrx_word' id='word_1_572' title='bbox 1454 2587 1653 2652; x_wconf 88' lang='lat' dir='ltr'><strong>locupletiorem</strong></span> <span class='ocrx_word' id='word_1_573' title='bbox 1672 2587 1778 2650; x_wconf 85' lang='lat' dir='ltr'><strong>tactam,</strong></span> <span class='ocrx_word' id='word_1_574' title='bbox 1801 2585 1901 2638; x_wconf 89' lang='lat' dir='ltr'><strong>intelle-</strong></span> 
     </span>
    </p>

    <p class='ocr_par' dir='ltr' id='par_1_26' title="bbox 1115 2653 1901 2722">
     <span class='ocr_line' id='line_1_94' title="bbox 1115 2653 1901 2722; baseline -0.005 -12"><span class='ocrx_word' id='word_1_575' title='bbox 1115 2657 1136 2710; x_wconf 87' lang='lat' dir='ltr'><strong>&#39;s</strong></span> <span class='ocrx_word' id='word_1_576' title='bbox 1154 2671 1212 2710; x_wconf 86' lang='lat' dir='ltr'><strong>earn</strong></span> <span class='ocrx_word' id='word_1_577' title='bbox 1229 2657 1320 2710; x_wconf 88' lang='lat' dir='ltr'><strong>merito</strong></span> <span class='ocrx_word' id='word_1_578' title='bbox 1339 2655 1366 2708; x_wconf 90' lang='lat' dir='ltr'><strong>in</strong></span> <span class='ocrx_word' id='word_1_579' title='bbox 1384 2655 1515 2722; x_wconf 87' lang='lat' dir='ltr'><strong>integrum</strong></span> <span class='ocrx_word' id='word_1_580' title='bbox 1531 2653 1690 2706; x_wconf 86' lang='lat' dir='ltr'><strong>restitutam.</strong></span> <span class='ocrx_word' id='word_1_581' title='bbox 1732 2653 1764 2706; x_wconf 90' lang='lat' dir='ltr'><strong>D.</strong></span> <span class='ocrx_word' id='word_1_582' title='bbox 1789 2665 1819 2704; x_wconf 83' lang='lat' dir='ltr'><strong>vr</strong></span> <span class='ocrx_word' id='word_1_583' title='bbox 1838 2671 1901 2706; x_wconf 87' lang='grc'><em>000.</em></span> 
     </span>
    </p>

    <p class='ocr_par' dir='ltr' id='par_1_27' title="bbox 1127 2719 1901 2786">
     <span class='ocr_line' id='line_1_95' title="bbox 1127 2719 1901 2786; baseline 0 -10"><span class='ocrx_word' id='word_1_584' title='bbox 1127 2723 1161 2776; x_wconf 87' lang='lat' dir='ltr'><strong>ai.</strong></span> <span class='ocrx_word' id='word_1_585' title='bbox 1180 2725 1299 2778; x_wconf 88' lang='lat' dir='ltr'><strong>Messala</strong></span> <span class='ocrx_word' id='word_1_586' title='bbox 1316 2729 1343 2776; x_wconf 87' lang='lat' dir='ltr'><strong>et</strong></span> <span class='ocrx_word' id='word_1_587' title='bbox 1361 2719 1463 2776; x_wconf 83' lang='lat' dir='ltr'><strong>Sabino</strong></span> <span class='ocrx_word' id='word_1_588' title='bbox 1481 2737 1568 2774; x_wconf 87' lang='lat' dir='ltr'><strong>conss.</strong></span> <span class='ocrx_word' id='word_1_589' title='bbox 1788 2725 1823 2784; x_wconf 87' lang='lat' dir='ltr'><strong>[a.</strong></span> <span class='ocrx_word' id='word_1_590' title='bbox 1843 2725 1901 2786; x_wconf 88' lang='grc'><strong>214]</strong></span> 
     </span>
    </p>

    <p class='ocr_par' dir='ltr' id='par_1_28' title="bbox 1095 2785 1901 3192">
     <span class='ocr_line' id='line_1_96' title="bbox 1130 2785 1900 2864; baseline -0.004 -19"><span class='ocrx_word' id='word_1_591' title='bbox 1130 2787 1149 2846; x_wconf 83' lang='lat'><strong>2</strong></span> <span class='ocrx_word' id='word_1_592' title='bbox 1176 2791 1243 2864; x_wconf 82' lang='lat' dir='ltr'><strong>Imp.</strong></span> <span class='ocrx_word' id='word_1_593' title='bbox 1274 2791 1428 2844; x_wconf 85' lang='lat' dir='ltr'><strong>Gordianus</strong></span> <span class='ocrx_word' id='word_1_594' title='bbox 1451 2791 1482 2842; x_wconf 83' lang='grc' dir='ltr'><strong>Α,</strong></span> <span class='ocrx_word' id='word_1_595' title='bbox 1510 2785 1623 2842; x_wconf 80' lang='lat' dir='ltr'><strong>Gaiam.</strong></span> <span class='ocrx_word' id='word_1_596' title='bbox 1664 2789 1704 2852; x_wconf 89' lang='lat' dir='ltr'><strong>Si,</strong></span> <span class='ocrx_word' id='word_1_597' title='bbox 1731 2791 1761 2842; x_wconf 88' lang='lat' dir='ltr'><strong>ut</strong></span> <span class='ocrx_word' id='word_1_598' title='bbox 1785 2789 1900 2856; x_wconf 79' lang='lat' dir='ltr'><strong>adlegat,</strong></span> 
     </span>
     <span class='ocr_line' id='line_1_97' title="bbox 1095 2855 1901 2926; baseline -0.007 -12"><span class='ocrx_word' id='word_1_599' title='bbox 1095 2859 1180 2914; x_wconf 88' lang='lat' dir='ltr'><strong>minor</strong></span> <span class='ocrx_word' id='word_1_600' title='bbox 1206 2861 1282 2914; x_wconf 87' lang='lat' dir='ltr'><strong>annis</strong></span> <span class='ocrx_word' id='word_1_601' title='bbox 1308 2857 1449 2926; x_wconf 89' lang='lat' dir='ltr'><strong>pecuniam</strong></span> <span class='ocrx_word' id='word_1_602' title='bbox 1475 2855 1561 2908; x_wconf 91' lang='lat' dir='ltr'><strong>fenori</strong></span> <span class='ocrx_word' id='word_1_603' title='bbox 1588 2857 1713 2926; x_wconf 88' lang='lat' dir='ltr'><strong>accepisti</strong></span> <span class='ocrx_word' id='word_1_604' title='bbox 1741 2871 1790 2910; x_wconf 90' lang='lat' dir='ltr'><strong>nec</strong></span> <span class='ocrx_word' id='word_1_605' title='bbox 1816 2871 1848 2910; x_wconf 88' lang='grc'><strong>00</strong></span> <span class='ocrx_word' id='word_1_606' title='bbox 1874 2859 1901 2914; x_wconf 91' lang='lat' dir='ltr'><strong>in</strong></span> 
     </span>
     <span class='ocr_line' id='line_1_98' title="bbox 1095 2925 1900 2992; baseline -0.002 -12"><span class='ocrx_word' id='word_1_607' title='bbox 1095 2943 1151 2992; x_wconf 84' lang='lat' dir='ltr'><strong>rem</strong></span> <span class='ocrx_word' id='word_1_608' title='bbox 1167 2933 1240 2982; x_wconf 89' lang='lat' dir='ltr'><strong>tuam</strong></span> <span class='ocrx_word' id='word_1_609' title='bbox 1257 2941 1333 2980; x_wconf 89' lang='lat' dir='ltr'><strong>versa</strong></span> <span class='ocrx_word' id='word_1_610' title='bbox 1350 2929 1398 2992; x_wconf 90' lang='lat' dir='ltr'><strong>est,</strong></span> <span class='ocrx_word' id='word_1_611' title='bbox 1423 2925 1548 2978; x_wconf 89' lang='lat' dir='ltr'><strong>adversus</strong></span> <span class='ocrx_word' id='word_1_612' title='bbox 1567 2925 1729 2990; x_wconf 83' lang='lat' dir='ltr'><strong>cautionem,</strong></span> <span class='ocrx_word' id='word_1_613' title='bbox 1751 2939 1800 2992; x_wconf 88' lang='lat' dir='ltr'><strong>per</strong></span> <span class='ocrx_word' id='word_1_614' title='bbox 1823 2941 1900 2992; x_wconf 85' lang='lat' dir='ltr'><strong>quarn</strong></span> 
     </span>
     <span class='ocr_line' id='line_1_99' title="bbox 1096 2991 1900 3062; baseline -0.002 -14"><span class='ocrx_word' id='word_1_615' title='bbox 1096 3011 1126 3048; x_wconf 92' lang='lat' dir='ltr'><strong>eo</strong></span> <span class='ocrx_word' id='word_1_616' title='bbox 1142 2997 1245 3050; x_wconf 84' lang='lat' dir='ltr'><strong>nondne</strong></span> <span class='ocrx_word' id='word_1_617' title='bbox 1259 3001 1284 3048; x_wconf 91' lang='lat' dir='ltr'><strong>te</strong></span> <span class='ocrx_word' id='word_1_618' title='bbox 1298 2993 1429 3062; x_wconf 84' lang='lat' dir='ltr'><strong>obligasti,</strong></span> <span class='ocrx_word' id='word_1_619' title='bbox 1448 2993 1476 3046; x_wconf 88' lang='lat' dir='ltr'><strong>in</strong></span> <span class='ocrx_word' id='word_1_620' title='bbox 1494 2991 1624 3060; x_wconf 88' lang='lat' dir='ltr'><strong>integrum</strong></span> <span class='ocrx_word' id='word_1_621' title='bbox 1636 2993 1811 3046; x_wconf 86' lang='lat' dir='ltr'><strong>restitutionis</strong></span> <span class='ocrx_word' id='word_1_622' title='bbox 1826 2995 1900 3046; x_wconf 77' lang='lat' dir='ltr'><strong>arixi-</strong></span> 
     </span>
     <span class='ocr_line' id='line_1_100' title="bbox 1095 3059 1899 3132; baseline -0.005 -16"><span class='ocrx_word' id='word_1_623' title='bbox 1095 3065 1158 3116; x_wconf 84' lang='lat' dir='ltr'><strong>lium</strong></span> <span class='ocrx_word' id='word_1_624' title='bbox 1175 3067 1251 3132; x_wconf 87' lang='lat' dir='ltr'><strong>potes</strong></span> <span class='ocrx_word' id='word_1_625' title='bbox 1271 3061 1431 3118; x_wconf 87' lang='lat' dir='ltr'><strong>sollemniter</strong></span> <span class='ocrx_word' id='word_1_626' title='bbox 1448 3061 1592 3128; x_wconf 89' lang='lat' dir='ltr'><strong>postulare.</strong></span> <span class='ocrx_word' id='word_1_627' title='bbox 1628 3059 1685 3112; x_wconf 82' lang='lat' dir='ltr'><strong>PP.</strong></span> <span class='ocrx_word' id='word_1_628' title='bbox 1704 3073 1746 3112; x_wconf 84' lang='lat' dir='ltr'><strong>rm</strong></span> <span class='ocrx_word' id='word_1_629' title='bbox 1762 3077 1824 3112; x_wconf 91' lang='grc'><em>000.</em></span> <span class='ocrx_word' id='word_1_630' title='bbox 1844 3061 1899 3116; x_wconf 87' lang='lat' dir='ltr'><strong>Oct.</strong></span> 
     </span>
     <span class='ocr_line' id='line_1_101' title="bbox 1095 3131 1889 3192; baseline -0.003 -8"><span class='ocrx_word' id='word_1_631' title='bbox 1095 3131 1146 3184; x_wconf 87' lang='lat' dir='ltr'><strong>Pio</strong></span> <span class='ocrx_word' id='word_1_632' title='bbox 1164 3139 1191 3186; x_wconf 87' lang='lat' dir='ltr'><strong>et</strong></span> <span class='ocrx_word' id='word_1_633' title='bbox 1208 3133 1344 3186; x_wconf 87' lang='lat' dir='ltr'><strong>Pontiano</strong></span> <span class='ocrx_word' id='word_1_634' title='bbox 1364 3145 1449 3184; x_wconf 86' lang='lat' dir='ltr'><strong>conss.</strong></span> <span class='ocrx_word' id='word_1_635' title='bbox 1789 3133 1822 3192; x_wconf 90' lang='lat' dir='ltr'><strong>[a.</strong></span> <span class='ocrx_word' id='word_1_636' title='bbox 1842 3133 1889 3182; x_wconf 81' lang='grc'><strong>238</strong></span> 
     </span>
    </p>
   </div>
   <div class='ocr_carea' id='block_1_22' title="bbox 1196 3301 1800 3456">
    <p class='ocr_par' dir='ltr' id='par_1_29' title="bbox 1196 3301 1800 3456">
     <span class='ocr_line' id='line_1_102' title="bbox 1295 3301 1698 3378; baseline -0.015 -12"><span class='ocrx_word' id='word_1_637' title='bbox 1295 3303 1450 3366; x_wconf 78' lang='lat' dir='ltr'><strong>xxxvru</strong></span> <span class='ocrx_word' id='word_1_638' title='bbox 1473 3301 1698 3378; x_wconf 70' lang='lat' dir='ltr'><strong>(urrunnu</strong></span> 
     </span>
     <span class='ocr_line' id='line_1_103' title="bbox 1196 3399 1800 3456; baseline -0.012 -1"><span class='ocrx_word' id='word_1_639' title='bbox 1196 3407 1227 3456; x_wconf 88' lang='lat' dir='ltr'><strong>SI</strong></span> <span class='ocrx_word' id='word_1_640' title='bbox 1245 3403 1288 3454; x_wconf 87' lang='lat' dir='ltr'><strong>UT</strong></span> <span class='ocrx_word' id='word_1_641' title='bbox 1307 3405 1347 3454; x_wconf 87' lang='lat' dir='ltr'><strong>SE</strong></span> <span class='ocrx_word' id='word_1_642' title='bbox 1364 3401 1586 3454; x_wconf 77' lang='lat' dir='ltr'><strong>HEREDITATE</strong></span> <span class='ocrx_word' id='word_1_643' title='bbox 1604 3399 1800 3450; x_wconf 86' lang='lat' dir='ltr'><strong>ABSTINEAT.</strong></span> 
     </span>
    </p>
   </div>
   <div class='ocr_carea' id='block_1_23' title="bbox 1089 3499 1899 4510">
    <p class='ocr_par' dir='ltr' id='par_1_30' title="bbox 1091 3499 1899 4038">
     <span class='ocr_line' id='line_1_104' title="bbox 1130 3499 1899 3576; baseline -0.008 -16"><span class='ocrx_word' id='word_1_644' title='bbox 1130 3505 1143 3560; x_wconf 85' lang='lat'>1</span> <span class='ocrx_word' id='word_1_645' title='bbox 1168 3505 1276 3576; x_wconf 82' lang='lat' dir='ltr'><strong>¹⁷lmpp.</strong></span> <span class='ocrx_word' id='word_1_646' title='bbox 1296 3503 1411 3558; x_wconf 84' lang='lat' dir='ltr'><strong>Seuerus</strong></span> <span class='ocrx_word' id='word_1_647' title='bbox 1428 3507 1455 3556; x_wconf 88' lang='lat' dir='ltr'><strong>ei</strong></span> <span class='ocrx_word' id='word_1_648' title='bbox 1471 3499 1623 3558; x_wconf 86' lang='lat' dir='ltr'><strong>Antoninus</strong></span> <span class='ocrx_word' id='word_1_649' title='bbox 1635 3501 1717 3556; x_wconf 58' lang='grc' dir='ltr'><strong>ΑΝ</strong></span> <span class='ocrx_word' id='word_1_650' title='bbox 1730 3499 1868 3554; x_wconf 82' lang='lat' dir='ltr'><strong>Florentio</strong></span> <span class='ocrx_word' id='word_1_651' title='bbox 1880 3501 1899 3532; x_wconf 76' lang='lat'><strong>¹⁰</strong></span> 
     </span>
     <span class='ocr_line' id='line_1_105' title="bbox 1094 3567 1897 3638; baseline -0.01 -10"><span class='ocrx_word' id='word_1_652' title='bbox 1094 3579 1119 3628; x_wconf 86' lang='lat' dir='ltr'><strong>ct</strong></span> <span class='ocrx_word' id='word_1_653' title='bbox 1137 3575 1204 3628; x_wconf 87' lang='lat' dir='ltr'><strong>aliis.</strong></span> <span class='ocrx_word' id='word_1_654' title='bbox 1244 3573 1273 3628; x_wconf 89' lang='lat' dir='ltr'><strong>Si</strong></span> <span class='ocrx_word' id='word_1_655' title='bbox 1295 3587 1342 3626; x_wconf 87' lang='lat' dir='ltr'><strong>vos</strong></span> <span class='ocrx_word' id='word_1_656' title='bbox 1358 3573 1494 3638; x_wconf 84' lang='lat' dir='ltr'><strong>paternae</strong></span> <span class='ocrx_word' id='word_1_657' title='bbox 1511 3567 1652 3622; x_wconf 85' lang='lat' dir='ltr'><strong>hereditati</strong></span> <span class='ocrx_word' id='word_1_658' title='bbox 1673 3583 1725 3622; x_wconf 89' lang='lat' dir='ltr'><strong>uon</strong></span> <span class='ocrx_word' id='word_1_659' title='bbox 1747 3567 1897 3630; x_wconf 87' lang='lat' dir='ltr'><strong>miscuistis,</strong></span> 
     </span>
     <span class='ocr_line' id='line_1_106' title="bbox 1093 3635 1896 3694; baseline -0.007 0"><span class='ocrx_word' id='word_1_660' title='bbox 1093 3641 1125 3694; x_wconf 88' lang='lat' dir='ltr'><strong>ob</strong></span> <span class='ocrx_word' id='word_1_661' title='bbox 1153 3657 1211 3694; x_wconf 88' lang='lat' dir='ltr'><strong>eam</strong></span> <span class='ocrx_word' id='word_1_662' title='bbox 1236 3655 1291 3694; x_wconf 90' lang='lat' dir='ltr'><strong>rem</strong></span> <span class='ocrx_word' id='word_1_663' title='bbox 1318 3637 1469 3692; x_wconf 88' lang='lat' dir='ltr'><strong>testificatio</strong></span> <span class='ocrx_word' id='word_1_664' title='bbox 1496 3637 1647 3690; x_wconf 88' lang='lat' dir='ltr'><strong>necessaria</strong></span> <span class='ocrx_word' id='word_1_665' title='bbox 1671 3651 1725 3690; x_wconf 89' lang='lat' dir='ltr'><strong>nou</strong></span> <span class='ocrx_word' id='word_1_666' title='bbox 1751 3635 1809 3694; x_wconf 82' lang='lat' dir='ltr'><strong>luit,</strong></span> <span class='ocrx_word' id='word_1_667' title='bbox 1838 3651 1896 3688; x_wconf 83' lang='lat' dir='ltr'><strong>cunr</strong></span> 
     </span>
     <span class='ocr_line' id='line_1_107' title="bbox 1092 3701 1896 3762; baseline -0.005 -2"><span class='ocrx_word' id='word_1_668' title='bbox 1092 3709 1156 3762; x_wconf 89' lang='lat' dir='ltr'><strong>fides</strong></span> <span class='ocrx_word' id='word_1_669' title='bbox 1180 3709 1298 3762; x_wconf 77' lang='lat' dir='ltr'><strong>veritatIs</strong></span> <span class='ocrx_word' id='word_1_670' title='bbox 1322 3707 1462 3760; x_wconf 86' lang='lat' dir='ltr'><strong>verborum</strong></span> <span class='ocrx_word' id='word_1_671' title='bbox 1489 3703 1648 3758; x_wconf 88' lang='lat' dir='ltr'><strong>adminicula</strong></span> <span class='ocrx_word' id='word_1_672' title='bbox 1676 3719 1729 3758; x_wconf 88' lang='lat' dir='ltr'><strong>uon</strong></span> <span class='ocrx_word' id='word_1_673' title='bbox 1758 3701 1896 3756; x_wconf 85' lang='lat' dir='ltr'><strong>desideret.</strong></span> 
     </span>
     <span class='ocr_line' id='line_1_108' title="bbox 1093 3771 1896 3846; baseline -0.006 -18"><span class='ocrx_word' id='word_1_674' title='bbox 1093 3777 1162 3844; x_wconf 90' lang='lat' dir='ltr'><strong>qnod</strong></span> <span class='ocrx_word' id='word_1_675' title='bbox 1187 3777 1208 3832; x_wconf 86' lang='lat' dir='ltr'><strong>si</strong></span> <span class='ocrx_word' id='word_1_676' title='bbox 1230 3793 1278 3846; x_wconf 92' lang='lat' dir='ltr'><strong>pro</strong></span> <span class='ocrx_word' id='word_1_677' title='bbox 1297 3773 1393 3830; x_wconf 89' lang='lat' dir='ltr'><strong>herede</strong></span> <span class='ocrx_word' id='word_1_678' title='bbox 1409 3773 1527 3842; x_wconf 87' lang='lat' dir='ltr'><strong>gessistis</strong></span> <span class='ocrx_word' id='word_1_679' title='bbox 1544 3773 1586 3826; x_wconf 85' lang='lat' dir='ltr'><strong>vel</strong></span> <span class='ocrx_word' id='word_1_680' title='bbox 1602 3771 1734 3826; x_wconf 89' lang='lat' dir='ltr'><strong>bonorum</strong></span> <span class='ocrx_word' id='word_1_681' title='bbox 1751 3771 1896 3838; x_wconf 87' lang='lat' dir='ltr'><strong>possessio·</strong></span> 
     </span>
     <span class='ocr_line' id='line_1_109' title="bbox 1092 3837 1896 3912; baseline -0.005 -16"><span class='ocrx_word' id='word_1_682' title='bbox 1092 3859 1151 3898; x_wconf 86' lang='lat' dir='ltr'><strong>nem</strong></span> <span class='ocrx_word' id='word_1_683' title='bbox 1169 3843 1317 3912; x_wconf 85' lang='lat' dir='ltr'><strong>accepistis,</strong></span> <span class='ocrx_word' id='word_1_684' title='bbox 1335 3847 1452 3910; x_wconf 84' lang='lat' dir='ltr'><strong>propter</strong></span> <span class='ocrx_word' id='word_1_685' title='bbox 1463 3845 1584 3906; x_wconf 88' lang='lat' dir='ltr'><strong>aetatem,</strong></span> <span class='ocrx_word' id='word_1_686' title='bbox 1603 3841 1645 3894; x_wconf 89' lang='lat' dir='ltr'><strong>cui</strong></span> <span class='ocrx_word' id='word_1_687' title='bbox 1669 3837 1803 3892; x_wconf 89' lang='lat' dir='ltr'><strong>subveniri</strong></span> <span class='ocrx_word' id='word_1_688' title='bbox 1820 3841 1896 3902; x_wconf 90' lang='lat' dir='ltr'><strong>solet,</strong></span> 
     </span>
     <span class='ocr_line' id='line_1_110' title="bbox 1091 3907 1896 3982; baseline -0.007 -18"><span class='ocrx_word' id='word_1_689' title='bbox 1091 3913 1118 3964; x_wconf 89' lang='lat' dir='ltr'><strong>in</strong></span> <span class='ocrx_word' id='word_1_690' title='bbox 1142 3913 1272 3982; x_wconf 81' lang='lat' dir='ltr'><strong>integrum</strong></span> <span class='ocrx_word' id='word_1_691' title='bbox 1294 3909 1469 3964; x_wconf 87' lang='lat' dir='ltr'><strong>restitutionis</strong></span> <span class='ocrx_word' id='word_1_692' title='bbox 1493 3907 1762 3980; x_wconf 82' lang='lat' dir='ltr'><strong>auxiliumaccipere</strong></span> <span class='ocrx_word' id='word_1_693' title='bbox 1786 3907 1896 3960; x_wconf 89' lang='lat' dir='ltr'><strong>debetis.</strong></span> 
     </span>
     <span class='ocr_line' id='line_1_111' title="bbox 1091 3973 1895 4038; baseline -0.009 -6"><span class='ocrx_word' id='word_1_694' title='bbox 1091 3979 1147 4032; x_wconf 86' lang='lat' dir='ltr'><strong>PP.</strong></span> <span class='ocrx_word' id='word_1_695' title='bbox 1163 3993 1254 4036; x_wconf 79' lang='lat' dir='ltr'><strong>vnou.</strong></span> <span class='ocrx_word' id='word_1_696' title='bbox 1265 3979 1373 4034; x_wconf 77' lang='lat' dir='ltr'><strong>Mart.⁹⁰</strong></span> <span class='ocrx_word' id='word_1_697' title='bbox 1388 3977 1537 4032; x_wconf 84' lang='lat' dir='ltr'><strong>Saturnino</strong></span> <span class='ocrx_word' id='word_1_698' title='bbox 1547 3973 1661 4030; x_wconf 79' lang='lat' dir='ltr'><strong>ctGallo</strong></span> <span class='ocrx_word' id='word_1_699' title='bbox 1673 3991 1757 4028; x_wconf 85' lang='lat' dir='ltr'><strong>conss.</strong></span> <span class='ocrx_word' id='word_1_700' title='bbox 1792 3979 1825 4038; x_wconf 81' lang='lat' dir='ltr'><strong>[a.</strong></span> <span class='ocrx_word' id='word_1_701' title='bbox 1840 3979 1895 4038; x_wconf 81' lang='lat' dir='ltr'><strong>tes]</strong></span> 
     </span>
    </p>

    <p class='ocr_par' dir='ltr' id='par_1_31' title="bbox 1089 4041 1894 4510">
     <span class='ocr_line' id='line_1_112' title="bbox 1126 4041 1894 4120; baseline -0.008 -18"><span class='ocrx_word' id='word_1_702' title='bbox 1126 4045 1144 4102; x_wconf 82' lang='grc'><em>2</em></span> <span class='ocrx_word' id='word_1_703' title='bbox 1169 4047 1236 4120; x_wconf 83' lang='lat' dir='ltr'><strong>Iinp.</strong></span> <span class='ocrx_word' id='word_1_704' title='bbox 1262 4045 1416 4102; x_wconf 78' lang='lat' dir='ltr'><strong>Gordianus</strong></span> <span class='ocrx_word' id='word_1_705' title='bbox 1438 4045 1469 4098; x_wconf 79' lang='lat' dir='ltr'><strong>A.</strong></span> <span class='ocrx_word' id='word_1_706' title='bbox 1494 4041 1659 4098; x_wconf 74' lang='lat' dir='ltr'><strong>Herodotus.</strong></span> <span class='ocrx_word' id='word_1_707' title='bbox 1703 4043 1744 4106; x_wconf 90' lang='lat' dir='ltr'><strong>Si,</strong></span> <span class='ocrx_word' id='word_1_708' title='bbox 1772 4057 1830 4096; x_wconf 88' lang='lat' dir='ltr'><strong>cum</strong></span> <span class='ocrx_word' id='word_1_709' title='bbox 1853 4043 1894 4096; x_wconf 86' lang='lat' dir='ltr'><strong>avi</strong></span> 
     </span>
     <span class='ocr_line' id='line_1_113' title="bbox 1090 4107 1893 4180; baseline -0.007 -12"><span class='ocrx_word' id='word_1_710' title='bbox 1090 4117 1130 4170; x_wconf 90' lang='lat' dir='ltr'><strong>tui</strong></span> <span class='ocrx_word' id='word_1_711' title='bbox 1142 4121 1299 4170; x_wconf 87' lang='lat' dir='ltr'><strong>testamento</strong></span> <span class='ocrx_word' id='word_1_712' title='bbox 1313 4119 1339 4168; x_wconf 90' lang='lat' dir='ltr'><strong>te</strong></span> <span class='ocrx_word' id='word_1_713' title='bbox 1352 4111 1474 4166; x_wconf 87' lang='lat' dir='ltr'><strong>heredem</strong></span> <span class='ocrx_word' id='word_1_714' title='bbox 1487 4111 1665 4180; x_wconf 89' lang='lat' dir='ltr'><strong>reliquissent,</strong></span> <span class='ocrx_word' id='word_1_715' title='bbox 1677 4107 1837 4164; x_wconf 89' lang='lat' dir='ltr'><strong>hereditates</strong></span> <span class='ocrx_word' id='word_1_716' title='bbox 1851 4119 1893 4162; x_wconf 91' lang='lat' dir='ltr'><strong>eo-</strong></span> 
     </span>
     <span class='ocr_line' id='line_1_114' title="bbox 1090 4177 1893 4248; baseline -0.007 -12"><span class='ocrx_word' id='word_1_717' title='bbox 1090 4201 1149 4236; x_wconf 91' lang='lat' dir='ltr'><strong>rum</strong></span> <span class='ocrx_word' id='word_1_718' title='bbox 1166 4199 1221 4238; x_wconf 89' lang='lat' dir='ltr'><strong>uon</strong></span> <span class='ocrx_word' id='word_1_719' title='bbox 1242 4183 1332 4248; x_wconf 89' lang='lat' dir='ltr'><strong>adisti,</strong></span> <span class='ocrx_word' id='word_1_720' title='bbox 1355 4181 1468 4234; x_wconf 89' lang='lat' dir='ltr'><strong>liberum</strong></span> <span class='ocrx_word' id='word_1_721' title='bbox 1491 4179 1539 4232; x_wconf 90' lang='lat' dir='ltr'><strong>tibi</strong></span> <span class='ocrx_word' id='word_1_722' title='bbox 1564 4183 1604 4232; x_wconf 90' lang='lat' dir='ltr'><strong>est</strong></span> <span class='ocrx_word' id='word_1_723' title='bbox 1625 4177 1766 4246; x_wconf 85' lang='lat' dir='ltr'><strong>repudiata</strong></span> <span class='ocrx_word' id='word_1_724' title='bbox 1784 4183 1893 4246; x_wconf 85' lang='lat' dir='ltr'><strong>paterna</strong></span> 
     </span>
     <span class='ocr_line' id='line_1_115' title="bbox 1091 4245 1892 4318; baseline -0.01 -12"><span class='ocrx_word' id='word_1_725' title='bbox 1091 4251 1258 4306; x_wconf 86' lang='lat' dir='ltr'><strong>success-ioue</strong></span> <span class='ocrx_word' id='word_1_726' title='bbox 1280 4265 1329 4318; x_wconf 88' lang='lat' dir='ltr'><strong>per</strong></span> <span class='ocrx_word' id='word_1_727' title='bbox 1350 4249 1379 4300; x_wconf 90' lang='lat' dir='ltr'><strong>iu</strong></span> <span class='ocrx_word' id='word_1_728' title='bbox 1401 4247 1533 4316; x_wconf 89' lang='lat' dir='ltr'><strong>integrum</strong></span> <span class='ocrx_word' id='word_1_729' title='bbox 1557 4245 1732 4300; x_wconf 86' lang='lat' dir='ltr'><strong>restitutionis</strong></span> <span class='ocrx_word' id='word_1_730' title='bbox 1758 4245 1892 4310; x_wconf 85' lang='lat' dir='ltr'><strong>auxilinm,</strong></span> 
     </span>
     <span class='ocr_line' id='line_1_116' title="bbox 1091 4313 1892 4388; baseline -0.007 -16"><span class='ocrx_word' id='word_1_731' title='bbox 1091 4335 1142 4388; x_wconf 86' lang='lat' dir='ltr'><strong>quo</strong></span> <span class='ocrx_word' id='word_1_732' title='bbox 1166 4325 1192 4372; x_wconf 89' lang='lat' dir='ltr'><strong>te</strong></span> <span class='ocrx_word' id='word_1_733' title='bbox 1214 4319 1308 4372; x_wconf 87' lang='lat' dir='ltr'><strong>aetatis</strong></span> <span class='ocrx_word' id='word_1_734' title='bbox 1331 4317 1389 4370; x_wconf 91' lang='lat' dir='ltr'><strong>iure</strong></span> <span class='ocrx_word' id='word_1_735' title='bbox 1412 4315 1477 4370; x_wconf 86' lang='lat' dir='ltr'><strong>dicis</strong></span> <span class='ocrx_word' id='word_1_736' title='bbox 1496 4329 1554 4368; x_wconf 87' lang='lat' dir='ltr'><strong>esse</strong></span> <span class='ocrx_word' id='word_1_737' title='bbox 1571 4315 1706 4378; x_wconf 89' lang='lat' dir='ltr'><strong>munitam,</strong></span> <span class='ocrx_word' id='word_1_738' title='bbox 1724 4313 1892 4368; x_wconf 85' lang='lat' dir='ltr'><strong>hereditatem</strong></span> 
     </span>
     <span class='ocr_line' id='line_1_117' title="bbox 1089 4381 1892 4456; baseline -0.007 -16"><span class='ocrx_word' id='word_1_739' title='bbox 1089 4393 1228 4456; x_wconf 90' lang='lat' dir='ltr'><strong>pareutum</strong></span> <span class='ocrx_word' id='word_1_740' title='bbox 1245 4391 1358 4444; x_wconf 84' lang='lat' dir='ltr'><strong>tuorum,</strong></span> <span class='ocrx_word' id='word_1_741' title='bbox 1377 4383 1440 4438; x_wconf 90' lang='lat' dir='ltr'><strong>licet</strong></span> <span class='ocrx_word' id='word_1_742' title='bbox 1457 4387 1536 4438; x_wconf 84' lang='lat' dir='ltr'><strong>antec</strong></span> <span class='ocrx_word' id='word_1_743' title='bbox 1553 4397 1607 4452; x_wconf 89' lang='lat' dir='ltr'><strong>non</strong></span> <span class='ocrx_word' id='word_1_744' title='bbox 1625 4381 1710 4446; x_wconf 85' lang='lat' dir='ltr'><strong>adisti,</strong></span> <span class='ocrx_word' id='word_1_745' title='bbox 1736 4397 1806 4434; x_wconf 89' lang='lat' dir='ltr'><strong>nuuc</strong></span> <span class='ocrx_word' id='word_1_746' title='bbox 1824 4381 1892 4436; x_wconf 90' lang='lat' dir='ltr'><strong>obti-</strong></span> 
     </span>
     <span class='ocr_line' id='line_1_118' title="bbox 1089 4447 1893 4510; baseline -0.011 0"><span class='ocrx_word' id='word_1_747' title='bbox 1089 4471 1159 4510; x_wconf 89' lang='lat' dir='ltr'><strong>nere.</strong></span> <span class='ocrx_word' id='word_1_748' title='bbox 1195 4453 1251 4508; x_wconf 85' lang='lat' dir='ltr'><strong>PP.</strong></span> <span class='ocrx_word' id='word_1_749' title='bbox 1271 4467 1312 4508; x_wconf 73' lang='lat' dir='ltr'><strong>err</strong></span> <span class='ocrx_word' id='word_1_750' title='bbox 1332 4467 1394 4506; x_wconf 90' lang='lat' dir='ltr'><strong>non.</strong></span> <span class='ocrx_word' id='word_1_751' title='bbox 1413 4451 1490 4504; x_wconf 80' lang='lat' dir='ltr'><strong>Febr.</strong></span> <span class='ocrx_word' id='word_1_752' title='bbox 1511 4447 1650 4504; x_wconf 80' lang='lat' dir='ltr'><strong>Gordiano</strong></span> <span class='ocrx_word' id='word_1_753' title='bbox 1667 4451 1698 4504; x_wconf 80' lang='lat' dir='ltr'><strong>A.</strong></span> <span class='ocrx_word' id='word_1_754' title='bbox 1721 4463 1749 4504; x_wconf 79' lang='lat'><strong>11</strong></span> <span class='ocrx_word' id='word_1_755' title='bbox 1770 4447 1893 4502; x_wconf 72' lang='grc'><em>001000-</em></span> 
     </span>
    </p>
   </div>
   <div class='ocr_carea' id='block_1_24' title="bbox 1083 4521 1891 4596">
    <p class='ocr_par' dir='ltr' id='par_1_32' title="bbox 1083 4521 1891 4596">
     <span class='ocr_line' id='line_1_119' title="bbox 1083 4521 1891 4596; baseline -0.01 -19"><span class='ocrx_word' id='word_1_756' title='bbox 1083 4525 1186 4596; x_wconf 80' lang='lat' dir='ltr'><strong>priano</strong></span> <span class='ocrx_word' id='word_1_757' title='bbox 1205 4537 1291 4576; x_wconf 86' lang='lat' dir='ltr'><strong>conss.</strong></span> <span class='ocrx_word' id='word_1_758' title='bbox 1373 4547 1374 4550; x_wconf 37' lang='lat'>¹</span> <span class='ocrx_word' id='word_1_759' title='bbox 1781 4521 1814 4580; x_wconf 92' lang='lat' dir='ltr'><strong>[a.</strong></span> <span class='ocrx_word' id='word_1_760' title='bbox 1834 4521 1891 4580; x_wconf 81' lang='lat' dir='ltr'><strong>ill]</strong></span> 
     </span>
    </p>
   </div>
   <div class='ocr_carea' id='block_1_25' title="bbox 1314 4691 1667 4768">
    <p class='ocr_par' dir='ltr' id='par_1_33' title="bbox 1314 4691 1667 4768">
     <span class='ocr_line' id='line_1_120' title="bbox 1314 4691 1667 4768; baseline -0.014 -14"><span class='ocrx_word' id='word_1_761' title='bbox 1314 4693 1482 4754; x_wconf 79' lang='lat' dir='ltr'><strong>xnxvuu</strong></span> <span class='ocrx_word' id='word_1_762' title='bbox 1504 4691 1667 4768; x_wconf 66' lang='lat' dir='ltr'><strong>(nurum</strong></span> 
     </span>
    </p>
   </div>
   <div class='ocr_carea' id='block_1_26' title="bbox 1088 4761 1905 4914">
    <p class='ocr_par' dir='ltr' id='par_1_34' title="bbox 1088 4761 1905 4914">
     <span class='ocr_line' id='line_1_121' title="bbox 1088 4761 1905 4846; baseline -0.012 0"><span class='ocrx_word' id='word_1_763' title='bbox 1088 4795 1118 4846; x_wconf 81' lang='lat' dir='ltr'><strong>si</strong></span> <span class='ocrx_word' id='word_1_764' title='bbox 1142 4795 1184 4846; x_wconf 87' lang='lat' dir='ltr'><strong>uu</strong></span> <span class='ocrx_word' id='word_1_765' title='bbox 1207 4793 1354 4846; x_wconf 79' lang='lat' dir='ltr'><strong>ourssuu</strong></span> <span class='ocrx_word' id='word_1_766' title='bbox 1376 4789 1626 4842; x_wconf 78' lang='lat' dir='ltr'><strong>uunnnruuruu</strong></span> <span class='ocrx_word' id='word_1_767' title='bbox 1643 4789 1711 4840; x_wconf 80' lang='lat' dir='ltr'><strong>vnn</strong></span> <span class='ocrx_word' id='word_1_768' title='bbox 1730 4761 1905 4840; x_wconf 83' lang='grc'><em>0000000</em></span> 
     </span>
     <span class='ocr_line' id='line_1_122' title="bbox 1111 4855 1863 4914; baseline -0.008 -2"><span class='ocrx_word' id='word_1_769' title='bbox 1111 4861 1358 4912; x_wconf 83' lang='lat' dir='ltr'><strong>eossussronuu</strong></span> <span class='ocrx_word' id='word_1_770' title='bbox 1376 4859 1444 4912; x_wconf 80' lang='lat' dir='ltr'><strong>vec</strong></span> <span class='ocrx_word' id='word_1_771' title='bbox 1462 4859 1544 4914; x_wconf 79' lang='lat' dir='ltr'><strong>uuio</strong></span> <span class='ocrx_word' id='word_1_772' title='bbox 1563 4857 1667 4908; x_wconf 77' lang='lat' dir='ltr'><strong>aurun</strong></span> <span class='ocrx_word' id='word_1_773' title='bbox 1685 4855 1863 4912; x_wconf 78' lang='lat' dir='ltr'><strong>inaurem.</strong></span> 
     </span>
    </p>
   </div>
   <div class='ocr_carea' id='block_1_27' title="bbox 1085 4955 1889 5358">
    <p class='ocr_par' dir='ltr' id='par_1_35' title="bbox 1085 4955 1889 5358">
     <span class='ocr_line' id='line_1_123' title="bbox 1123 4955 1889 5036; baseline -0.016 -16"><span class='ocrx_word' id='word_1_774' title='bbox 1123 4961 1137 5020; x_wconf 93' lang='lat'>1</span> <span class='ocrx_word' id='word_1_775' title='bbox 1167 4959 1234 5034; x_wconf 80' lang='lat' dir='ltr'><strong>Imp.</strong></span> <span class='ocrx_word' id='word_1_776' title='bbox 1262 4959 1416 5014; x_wconf 81' lang='lat' dir='ltr'><strong>Gordianus</strong></span> <span class='ocrx_word' id='word_1_777' title='bbox 1440 4959 1470 5014; x_wconf 88' lang='grc' dir='ltr'><strong>Α.</strong></span> <span class='ocrx_word' id='word_1_778' title='bbox 1499 4957 1608 5012; x_wconf 83' lang='lat' dir='ltr'><strong>Proice.</strong></span> <span class='ocrx_word' id='word_1_779' title='bbox 1656 4957 1774 5012; x_wconf 87' lang='lat' dir='ltr'><strong>Minores</strong></span> <span class='ocrx_word' id='word_1_780' title='bbox 1800 4955 1889 5036; x_wconf 80' lang='lat' dir='ltr'><strong>viginti</strong></span> 
     </span>
     <span class='ocr_line' id='line_1_124' title="bbox 1087 5023 1889 5098; baseline -0.007 -16"><span class='ocrx_word' id='word_1_781' title='bbox 1087 5031 1201 5098; x_wconf 88' lang='lat' dir='ltr'><strong>quinque</strong></span> <span class='ocrx_word' id='word_1_782' title='bbox 1227 5029 1302 5082; x_wconf 79' lang='lat' dir='ltr'><strong>annus</strong></span> <span class='ocrx_word' id='word_1_783' title='bbox 1328 5043 1383 5080; x_wconf 91' lang='lat' dir='ltr'><strong>uon</strong></span> <span class='ocrx_word' id='word_1_784' title='bbox 1406 5031 1511 5080; x_wconf 88' lang='lat' dir='ltr'><strong>tantum</strong></span> <span class='ocrx_word' id='word_1_785' title='bbox 1536 5027 1565 5078; x_wconf 90' lang='lat' dir='ltr'><strong>iu</strong></span> <span class='ocrx_word' id='word_1_786' title='bbox 1586 5025 1641 5090; x_wconf 78' lang='lat' dir='ltr'><strong>hu,</strong></span> <span class='ocrx_word' id='word_1_787' title='bbox 1669 5041 1736 5092; x_wconf 87' lang='lat' dir='ltr'><strong>quae</strong></span> <span class='ocrx_word' id='word_1_788' title='bbox 1759 5039 1792 5076; x_wconf 85' lang='lat' dir='ltr'><strong>ex</strong></span> <span class='ocrx_word' id='word_1_789' title='bbox 1813 5023 1889 5078; x_wconf 80' lang='lat' dir='ltr'><strong>bonis</strong></span> 
     </span>
     <span class='ocr_line' id='line_1_125' title="bbox 1086 5091 1889 5166; baseline -0.007 -16"><span class='ocrx_word' id='word_1_790' title='bbox 1086 5097 1200 5166; x_wconf 88' lang='lat' dir='ltr'><strong>propriis</strong></span> <span class='ocrx_word' id='word_1_791' title='bbox 1218 5097 1376 5158; x_wconf 88' lang='lat' dir='ltr'><strong>amiserunt,</strong></span> <span class='ocrx_word' id='word_1_792' title='bbox 1401 5111 1491 5150; x_wconf 89' lang='lat' dir='ltr'><strong>verum</strong></span> <span class='ocrx_word' id='word_1_793' title='bbox 1514 5095 1591 5150; x_wconf 86' lang='lat' dir='ltr'><strong>eiiam</strong></span> <span class='ocrx_word' id='word_1_794' title='bbox 1610 5095 1632 5148; x_wconf 87' lang='lat' dir='ltr'><strong>si</strong></span> <span class='ocrx_word' id='word_1_795' title='bbox 1649 5091 1820 5146; x_wconf 88' lang='lat' dir='ltr'><strong>hereditatem</strong></span> <span class='ocrx_word' id='word_1_796' title='bbox 1839 5093 1889 5146; x_wconf 90' lang='lat' dir='ltr'><strong>sihi</strong></span> 
     </span>
     <span class='ocr_line' id='line_1_126' title="bbox 1087 5159 1888 5238; baseline -0.007 -20"><span class='ocrx_word' id='word_1_797' title='bbox 1087 5167 1200 5218; x_wconf 89' lang='lat' dir='ltr'><strong>delatam</strong></span> <span class='ocrx_word' id='word_1_798' title='bbox 1222 5181 1276 5218; x_wconf 90' lang='lat' dir='ltr'><strong>nou</strong></span> <span class='ocrx_word' id='word_1_799' title='bbox 1298 5163 1425 5228; x_wconf 87' lang='lat' dir='ltr'><strong>adierint,</strong></span> <span class='ocrx_word' id='word_1_800' title='bbox 1448 5177 1527 5230; x_wconf 87' lang='lat' dir='ltr'><strong>posse</strong></span> <span class='ocrx_word' id='word_1_801' title='bbox 1547 5161 1576 5214; x_wconf 88' lang='lat' dir='ltr'><strong>in</strong></span> <span class='ocrx_word' id='word_1_802' title='bbox 1595 5161 1725 5230; x_wconf 88' lang='lat' dir='ltr'><strong>integrum</strong></span> <span class='ocrx_word' id='word_1_803' title='bbox 1743 5159 1888 5238; x_wconf 80' lang='lat' dir='ltr'><strong>restitutio-</strong></span> 
     </span>
     <span class='ocr_line' id='line_1_127' title="bbox 1086 5227 1887 5302; baseline -0.01 -16"><span class='ocrx_word' id='word_1_804' title='bbox 1086 5249 1144 5286; x_wconf 89' lang='lat' dir='ltr'><strong>nem</strong></span> <span class='ocrx_word' id='word_1_805' title='bbox 1166 5233 1302 5302; x_wconf 84' lang='lat' dir='ltr'><strong>pcstulare</strong></span> <span class='ocrx_word' id='word_1_806' title='bbox 1325 5231 1500 5284; x_wconf 87' lang='lat' dir='ltr'><strong>iamdudum</strong></span> <span class='ocrx_word' id='word_1_807' title='bbox 1523 5229 1632 5298; x_wconf 86' lang='lat' dir='ltr'><strong>placuit.</strong></span> <span class='ocrx_word' id='word_1_808' title='bbox 1671 5227 1728 5282; x_wconf 88' lang='lat' dir='ltr'><strong>PP.</strong></span> <span class='ocrx_word' id='word_1_809' title='bbox 1751 5227 1812 5280; x_wconf 69' lang='lat' dir='ltr'><strong>ul.²2</strong></span> <span class='ocrx_word' id='word_1_810' title='bbox 1832 5227 1887 5282; x_wconf 82' lang='lat' dir='ltr'><strong>Oct.</strong></span> 
     </span>
     <span class='ocr_line' id='line_1_128' title="bbox 1085 5299 1887 5358; baseline -0.007 -4"><span class='ocrx_word' id='word_1_811' title='bbox 1085 5299 1137 5356; x_wconf 88' lang='lat' dir='ltr'><strong>Pio</strong></span> <span class='ocrx_word' id='word_1_812' title='bbox 1155 5307 1182 5356; x_wconf 87' lang='lat' dir='ltr'><strong>et</strong></span> <span class='ocrx_word' id='word_1_813' title='bbox 1197 5301 1334 5356; x_wconf 88' lang='lat' dir='ltr'><strong>Pontiano</strong></span> <span class='ocrx_word' id='word_1_814' title='bbox 1352 5315 1439 5352; x_wconf 81' lang='lat' dir='ltr'><strong>conss,</strong></span> <span class='ocrx_word' id='word_1_815' title='bbox 1671 5339 1672 5342; x_wconf 15' lang='grc' dir='ltr'>η</span> <span class='ocrx_word' id='word_1_816' title='bbox 1775 5299 1809 5358; x_wconf 86' lang='lat' dir='ltr'><strong>[a.</strong></span> <span class='ocrx_word' id='word_1_817' title='bbox 1829 5299 1887 5358; x_wconf 82' lang='lat'>238]</span> 
     </span>
    </p>
   </div>
   <div class='ocr_carea' id='block_1_28' title="bbox 233 5533 1886 5876">
    <p class='ocr_par' dir='ltr' id='par_1_36' title="bbox 233 5533 1886 5876">
     <span class='ocr_line' id='line_1_129' title="bbox 234 5533 1886 5610; baseline -0.004 -20"><span class='ocrx_word' id='word_1_818' title='bbox 234 5539 405 5610; x_wconf 73' lang='lat' dir='ltr'><strong>(stitture</strong></span> <span class='ocrx_word' id='word_1_819' title='bbox 474 5539 717 5606; x_wconf 65' lang='lat' dir='ltr'><strong>(allucinantur</strong></span> <span class='ocrx_word' id='word_1_820' title='bbox 787 5543 819 5606; x_wconf 83' lang='grc'><strong>(0)</strong></span> <span class='ocrx_word' id='word_1_821' title='bbox 837 5543 910 5606; x_wconf 76' lang='lat' dir='ltr'><strong>inope</strong></span> <span class='ocrx_word' id='word_1_822' title='bbox 926 5543 950 5602; x_wconf 80' lang='lat' dir='ltr'><strong>t,</strong></span> <span class='ocrx_word' id='word_1_823' title='bbox 969 5551 990 5604; x_wconf 79' lang='lat' dir='ltr'><strong>a,</strong></span> <span class='ocrx_word' id='word_1_824' title='bbox 1009 5551 1029 5590; x_wconf 87' lang='grc'><strong>0</strong></span> <span class='ocrx_word' id='word_1_825' title='bbox 1082 5539 1194 5590; x_wconf 71' lang='lat' dir='ltr'><strong>sceau</strong></span> <span class='ocrx_word' id='word_1_826' title='bbox 1234 5539 1407 5602; x_wconf 74' lang='lat' dir='ltr'><strong>(rnilitum</strong></span> <span class='ocrx_word' id='word_1_827' title='bbox 1450 5537 1678 5602; x_wconf 64' lang='lat' dir='ltr'><strong>recisamentis</strong></span> <span class='ocrx_word' id='word_1_828' title='bbox 1718 5533 1886 5596; x_wconf 71' lang='lat' dir='ltr'><strong>(irratam</strong></span> 
     </span>
     <span class='ocr_line' id='line_1_130' title="bbox 235 5599 1884 5672; baseline -0.01 -6"><span class='ocrx_word' id='word_1_829' title='bbox 235 5611 265 5666; x_wconf 76' lang='lat' dir='ltr'><strong>tlt</strong></span> <span class='ocrx_word' id='word_1_830' title='bbox 283 5623 331 5658; x_wconf 74' lang='lat' dir='ltr'><strong>xvi</strong></span> <span class='ocrx_word' id='word_1_831' title='bbox 349 5613 372 5670; x_wconf 80' lang='lat' dir='ltr'><strong>t,</strong></span> <span class='ocrx_word' id='word_1_832' title='bbox 390 5619 410 5672; x_wconf 79' lang='lat' dir='ltr'><strong>a,</strong></span> <span class='ocrx_word' id='word_1_833' title='bbox 428 5617 447 5660; x_wconf 82' lang='lat'><strong>11</strong></span> <span class='ocrx_word' id='word_1_834' title='bbox 566 5609 645 5670; x_wconf 68' lang='lat' dir='ltr'><strong>(uae</strong></span> <span class='ocrx_word' id='word_1_835' title='bbox 671 5607 946 5672; x_wconf 80' lang='lat' dir='ltr'><strong>t=a.2sr)t,a,u</strong></span> <span class='ocrx_word' id='word_1_836' title='bbox 970 5611 1031 5658; x_wconf 82' lang='lat' dir='ltr'><strong>uate</strong></span> <span class='ocrx_word' id='word_1_837' title='bbox 1082 5605 1492 5670; x_wconf 73' lang='lat' dir='ltr'><strong>(rsteiermB,profitecrisUli</strong></span> <span class='ocrx_word' id='word_1_838' title='bbox 1526 5603 1683 5668; x_wconf 72' lang='grc' dir='ltr'><em>(001310,οι</em></span> <span class='ocrx_word' id='word_1_839' title='bbox 1721 5599 1884 5668; x_wconf 55' lang='lat' dir='ltr'><strong>(iria-Gru.</strong></span> 
     </span>
     <span class='ocr_line' id='line_1_131' title="bbox 233 5669 1885 5740; baseline -0.005 -16"><span class='ocrx_word' id='word_1_840' title='bbox 233 5677 266 5738; x_wconf 80' lang='grc'><strong>(0)</strong></span> <span class='ocrx_word' id='word_1_841' title='bbox 282 5677 306 5724; x_wconf 88' lang='grc' dir='ltr'><em>Β</em></span> <span class='ocrx_word' id='word_1_842' title='bbox 324 5681 398 5740; x_wconf 84' lang='grc' dir='ltr'><em>10,ιο</em></span> <span class='ocrx_word' id='word_1_843' title='bbox 450 5677 481 5738; x_wconf 82' lang='lat' dir='ltr'><strong>(v)</strong></span> <span class='ocrx_word' id='word_1_844' title='bbox 500 5677 556 5724; x_wconf 85' lang='lat' dir='ltr'><strong>tuae</strong></span> <span class='ocrx_word' id='word_1_845' title='bbox 574 5677 618 5728; x_wconf 84' lang='lat' dir='ltr'><strong>ins.</strong></span> <span class='ocrx_word' id='word_1_846' title='bbox 637 5671 691 5722; x_wconf 73' lang='lat' dir='ltr'><strong>eloti.</strong></span> <span class='ocrx_word' id='word_1_847' title='bbox 712 5693 762 5724; x_wconf 86' lang='grc'><strong>000</strong></span> <span class='ocrx_word' id='word_1_848' title='bbox 778 5677 804 5726; x_wconf 90' lang='grc' dir='ltr'><em>Β</em></span> <span class='ocrx_word' id='word_1_849' title='bbox 856 5681 888 5734; x_wconf 80' lang='lat' dir='ltr'><strong>lsi</strong></span> <span class='ocrx_word' id='word_1_850' title='bbox 909 5677 933 5726; x_wconf 82' lang='lat' dir='ltr'><em>B</em></span> <span class='ocrx_word' id='word_1_851' title='bbox 953 5677 990 5736; x_wconf 86' lang='lat'><strong>10,</strong></span> <span class='ocrx_word' id='word_1_852' title='bbox 1007 5687 1029 5728; x_wconf 83' lang='lat' dir='ltr'><strong>it</strong></span> <span class='ocrx_word' id='word_1_853' title='bbox 1082 5675 1104 5734; x_wconf 90' lang='grc'><strong>2,</strong></span> <span class='ocrx_word' id='word_1_854' title='bbox 1123 5685 1169 5734; x_wconf 68' lang='lat' dir='ltr'><strong>tt</strong></span> <span class='ocrx_word' id='word_1_855' title='bbox 1240 5675 1284 5738; x_wconf 81' lang='grc'><strong>(18]</strong></span> <span class='ocrx_word' id='word_1_856' title='bbox 1304 5673 1412 5722; x_wconf 87' lang='lat' dir='ltr'><strong>Veteriis</strong></span> <span class='ocrx_word' id='word_1_857' title='bbox 1430 5671 1563 5738; x_wconf 74' lang='lat' dir='ltr'><strong>insGocg.</strong></span> <span class='ocrx_word' id='word_1_858' title='bbox 1631 5671 1676 5732; x_wconf 83' lang='grc'><em>(10)</em></span> <span class='ocrx_word' id='word_1_859' title='bbox 1693 5671 1728 5720; x_wconf 85' lang='lat' dir='ltr'><strong>sie</strong></span> <span class='ocrx_word' id='word_1_860' title='bbox 1745 5669 1799 5728; x_wconf 83' lang='lat' dir='ltr'><strong>SR,</strong></span> <span class='ocrx_word' id='word_1_861' title='bbox 1817 5669 1885 5716; x_wconf 84' lang='lat' dir='ltr'><strong>iron-</strong></span> 
     </span>
     <span class='ocr_line' id='line_1_132' title="bbox 233 5735 1885 5810; baseline -0.006 -18"><span class='ocrx_word' id='word_1_862' title='bbox 233 5743 267 5804; x_wconf 79' lang='lat' dir='ltr'><strong>is)</strong></span> <span class='ocrx_word' id='word_1_863' title='bbox 286 5745 355 5810; x_wconf 76' lang='lat' dir='ltr'><strong>iunpe</strong></span> <span class='ocrx_word' id='word_1_864' title='bbox 365 5747 387 5804; x_wconf 86' lang='grc'><strong>2,</strong></span> <span class='ocrx_word' id='word_1_865' title='bbox 397 5755 449 5806; x_wconf 75' lang='lat' dir='ltr'><strong>sat</strong></span> <span class='ocrx_word' id='word_1_866' title='bbox 496 5745 578 5802; x_wconf 74' lang='lat' dir='ltr'><strong>[teter</strong></span> <span class='ocrx_word' id='word_1_867' title='bbox 588 5743 773 5792; x_wconf 79' lang='lat' dir='ltr'><strong>contractulllt</strong></span> <span class='ocrx_word' id='word_1_868' title='bbox 782 5761 832 5794; x_wconf 85' lang='grc'><strong>000</strong></span> <span class='ocrx_word' id='word_1_869' title='bbox 842 5743 876 5806; x_wconf 89' lang='lat' dir='ltr'><strong>B,</strong></span> <span class='ocrx_word' id='word_1_870' title='bbox 889 5745 957 5792; x_wconf 83' lang='lat' dir='ltr'><strong>extra</strong></span> <span class='ocrx_word' id='word_1_871' title='bbox 967 5741 1029 5794; x_wconf 70' lang='lat'><strong>1³0⁶.</strong></span> <span class='ocrx_word' id='word_1_872' title='bbox 1082 5741 1135 5788; x_wconf 89' lang='lat' dir='ltr'><strong>tino</strong></span> <span class='ocrx_word' id='word_1_873' title='bbox 1154 5743 1235 5806; x_wconf 74' lang='lat' dir='ltr'><strong>Grep.</strong></span> <span class='ocrx_word' id='word_1_874' title='bbox 1254 5739 1426 5790; x_wconf 69' lang='lat' dir='ltr'><strong>florentiani]</strong></span> <span class='ocrx_word' id='word_1_875' title='bbox 1491 5735 1885 5804; x_wconf 70' lang='lat' dir='ltr'><strong>lootsieGrep.,v1ncn.1naii</strong></span> 
     </span>
     <span class='ocr_line' id='line_1_133' title="bbox 234 5803 1882 5876; baseline -0.001 -20"><span class='ocrx_word' id='word_1_876' title='bbox 234 5811 362 5860; x_wconf 85' lang='lat' dir='ltr'><strong>contractu</strong></span> <span class='ocrx_word' id='word_1_877' title='bbox 381 5809 412 5860; x_wconf 61' lang='grc' dir='ltr'><strong>θα</strong></span> <span class='ocrx_word' id='word_1_878' title='bbox 461 5809 552 5872; x_wconf 63' lang='lat' dir='ltr'>(10¹)ss</span> <span class='ocrx_word' id='word_1_879' title='bbox 562 5815 632 5874; x_wconf 75' lang='lat'><strong>10,18</strong></span> <span class='ocrx_word' id='word_1_880' title='bbox 679 5809 931 5872; x_wconf 65' lang='lat' dir='ltr'><strong>ttttsiedettxumli,</strong></span> <span class='ocrx_word' id='word_1_881' title='bbox 951 5811 1029 5860; x_wconf 84' lang='lat' dir='ltr'><strong>mino·</strong></span> <span class='ocrx_word' id='word_1_882' title='bbox 1080 5809 1140 5858; x_wconf 84' lang='lat' dir='ltr'><strong>Hal.</strong></span> <span class='ocrx_word' id='word_1_883' title='bbox 1193 5809 1368 5876; x_wconf 76' lang='lat' dir='ltr'><strong>(21JB10,22</strong></span> <span class='ocrx_word' id='word_1_884' title='bbox 1424 5809 1472 5868; x_wconf 76' lang='lat' dir='ltr'><strong>(ru)</strong></span> <span class='ocrx_word' id='word_1_885' title='bbox 1490 5809 1522 5856; x_wconf 87' lang='lat' dir='ltr'><strong>id.</strong></span> <span class='ocrx_word' id='word_1_886' title='bbox 1533 5805 1602 5866; x_wconf 80' lang='lat' dir='ltr'><strong>Hal,</strong></span> <span class='ocrx_word' id='word_1_887' title='bbox 1619 5821 1661 5854; x_wconf 81' lang='lat'>1111</span> <span class='ocrx_word' id='word_1_888' title='bbox 1676 5805 1710 5854; x_wconf 91' lang='lat' dir='ltr'><strong>id.</strong></span> <span class='ocrx_word' id='word_1_889' title='bbox 1721 5805 1751 5866; x_wconf 92' lang='lat' dir='ltr'><strong>P,</strong></span> <span class='ocrx_word' id='word_1_890' title='bbox 1769 5819 1800 5852; x_wconf 86' lang='lat' dir='ltr'><strong>ru</strong></span> <span class='ocrx_word' id='word_1_891' title='bbox 1815 5803 1882 5854; x_wconf 72' lang='lat' dir='ltr'><strong>iul</strong></span> 
     </span>
    </p>
   </div>
   <div class='ocr_carea' id='block_1_29' title="bbox 0 0 2142 6266">
    <p class='ocr_par' dir='ltr' id='par_1_37' title="bbox 0 0 2142 6266">
     <span class='ocr_line' id='line_1_134' title="bbox 0 0 2142 6266; baseline 0 0"><span class='ocrx_word' id='word_1_892' title='bbox 0 0 2142 6266; x_wconf 95' lang='lat' dir='ltr'><strong> </strong></span> 
     </span>
    </p>
   </div>
  </div>
 </body>
</html>
