4292 6284
251 379 306 440 ain
330 363 569 426 manumisisse
591 367 661 414 NON
683 367 831 416 POSSUNT

618 539 679 598 iii*

250 647 309 704 QUI
328 637 586 700 ,annuntiantia
614 639 684 692 NON
707 641 857 694 POSSUNT
881 637 925 688 ΕΤ
950 637 996 688 NE
1019 637 1056 686 IN

251 759 252 762 ,
302 707 468 764 aasabim
487 707 706 760 camulianum
725 703 1005 760 blibNUbllTThTUR.

284 811 297 868 1
327 809 395 880 Imp.
415 805 574 862 Alexander
591 809 622 862 A.
642 807 783 864 Antiocho.
825 809 931 862 Certum
955 805 996 860 ius
1016 811 1056 858 est

248 897 302 934 aon
324 877 390 932 alias
413 873 528 928 directas
546 875 684 932 libertates
702 891 750 946 per
768 877 850 946 legem
868 875 971 930 Aeliam
989 873 1054 928 Seri—

248 949 320 1010 tiam‚
339 959 406 1012 quae
422 947 508 998 eunti
523 943 550 996 iii
564 945 685 1000 fraudem
701 945 860 1000 creditorum
879 943 1054 998 manumisso·

248 1033 320 1078 rum,
343 1009 476 1078 revocari,
500 1013 552 1066 nisi
575 1017 603 1068 ct
620 1013 759 1066 consilium
777 1013 878 1068 fraudis
896 1015 949 1066 boe
967 1011 1054 1066 animo

248 1081 456 1138 manumittentis
480 1085 507 1136 et
531 1085 639 1136 eventus
664 1081 753 1134 damni
776 1097 853 1134 snum
872 1081 991 1150 recipere
1009 1095 1053 1132 ro-

247 1151 357 1206 lcritium
375 1153 510 1218 sequatur.
553 1147 623 1202 inter
641 1149 785 1202 creditores
803 1155 892 1204 autem
911 1149 990 1204 etiarn
1009 1163 1054 1202 eos

247 1219 426 1276 numerandas
450 1231 523 1284 esse,
551 1217 647 1284 quibus
673 1217 906 1272 fideicommissum
935 1217 1054 1280 debetur,

248 1291 309 1342 alim
332 1285 442 1354 placuit.
483 1283 540 1342 PP.
560 1299 602 1340 rii
623 1285 658 1338 iil.
678 1285 746 1340 aaa
765 1285 891 1342 lllaximo
911 1301 938 1342 ii
960 1291 986 1342 el
1004 1285 1053 1340 Ae-

248 1357 321 1412 liano
340 1369 426 1408 conss.
942 1359 976 1420 [a.
996 1357 1054 1418 223]

281 1421 300 1480 2
320 1421 393 1478 Idem
406 1423 437 1476 A.
451 1421 609 1478 Nataliana.
637 1419 732 1474 Servos
750 1435 823 1476 meos
842 1437 891 1478 uec
908 1439 957 1492 per
974 1423 1053 1476 inter-

248 1493 361 1562 positam
383 1507 523 1560 personam
547 1489 580 1546 ad
601 1489 750 1544 libertatem
767 1489 917 1558 producere
935 1491 1054 1546 homines

248 1559 343 1630 peculii
361 1559 403 1612 sni
419 1573 499 1628 posse
517 1557 649 1612 mandatis
668 1559 909 1624 comprehenditur.

281 1621 299 1688 3
319 1627 393 1682 Idem
411 1629 443 1682 A.
463 1627 593 1682 Iustinae.
620 1625 687 1682 Divo
707 1627 800 1682 Marco
818 1631 930 1682 auctore
947 1627 1054 1698 amplis·

247 1699 328 1754 simus
343 1697 407 1750 ordo
423 1695 534 1762 censuit,
551 1711 585 1750 ne
603 1693 663 1762 quis
681 1695 843 1762 spectaculo,
863 1695 933 1764 quod
952 1697 1053 1762 edatur,

247 1771 363 1822 actorem
389 1781 466 1818 suum
492 1763 641 1818 ebenumre
665 1779 769 1818 serrum
795 1765 993 1820 manumitteret
1019 1767 1053 1834 et,

247 1835 269 1890 si
287 1835 387 1888 factum
406 1837 484 1898 esset,
503 1847 552 1900 pro
569 1831 669 1888 infecto
687 1829 839 1886 haberetur.

280 1901 299 1960 4
325 1901 399 1958 Idem
422 1901 453 1954 A.
478 1899 651 1954 Felicissimo.
695 1899 723 1954 Si
749 1899 834 1956 minor
861 1901 938 1956 aunis
962 1899 1054 1970 viginti

246 1973 281 2026 ad
299 1969 449 2026 libertatem
467 1967 657 2038 praestandam
675 1969 794 2024 homines
812 1969 955 2032 tradidisti,
977 1985 1053 2024 sena·

245 2047 289 2094 tus
308 2039 449 2094 consulto2
473 2035 543 2106 quod
559 2041 662 2106 gestum
681 2039 723 2092 est
744 2037 850 2090 irritum
874 2037 1053 2092 constituitur.

245 2107 302 2164 ΡΙ).
321 2121 363 2162 rii
378 2103 490 2160 irlMai.
511 2103 620 2160 laliano
639 2113 665 2158 el
679 2103 742 2160 Cris
760 2107 805 2158 inc
825 2121 911 2160 conss.
941 2109 975 2170 [a.
995 2111 1053 2170 224]

280 2173 297 2234 5
317 2173 392 2230 illem
414 2177 445 2230 A.
470 2173 573 2228 Prisco.
619 2173 647 2228 si
669 2173 698 2228 iu
724 2123 846 2228 dandam
869 2189 962 2228 eorum
986 2189 1054 2244 quac

247 2243 313 2302 fisco
341 2241 509 2300 debebantur
529 2241 639 2310 probari
661 2245 751 2312 potest
767 2241 878 2296 libertas
901 2243 975 2310 data,
1001 2257 1053 2296 non

245 2313 323 2368 valet.
356 2311 403 2368 scd
422 2311 444 2366 si
457 2311 598 2380 pecuniam
615 2311 648 2376 is,
667 2327 743 2382 quem
756 2315 858 2380 patrem
869 2315 945 2364 tuum
959 2311 1052 2380 appel-

245 2383 299 2446 las,
324 2379 438 2450 emptori
461 2377 564 2434 dederit
586 2383 612 2434 et
633 2377 667 2432 ab
691 2395 721 2434 eo
744 2379 897 2446 redemptus
921 2379 954 2434 ad
973 2381 1052 2434 libcr-

245 2455 326 2504 tatem
353 2449 501 2518 productus
528 2451 581 2514 cst,
608 2447 675 2502 nihil
701 2447 805 2502 ridetur
831 2449 909 2502 bonis
937 2447 1054 2502 defuisse

246 2521 311 2584 eins,
330 2519 374 2588 qui
392 2515 451 2572 fisci
470 2515 573 2570 debitor
592 2515 696 2572 dicitur.

280 2583 298 2644 6
316 2585 405 2666 impp.
426 2583 613 2640 diocletianus
636 2591 663 2638 et
680 2581 869 2638 Maximianus
886 2585 942 2640 AA.
961 2591 988 2642 et
1007 2583 1053 2640 CC.

247 2653 379 2726 Olpmpro.
416 2653 473 2708 Nec
497 2651 769 2710 fideicommissariam
791 2653 941 2708 libertatem
965 2671 981 2710 a
1003 2671 1053 2722 pu-

245 2725 309 2794 pilla
335 2737 384 2776 sua
413 2723 494 2776 servis
521 2721 637 2776 debitam
663 2727 779 2776 tutorem
806 2737 885 2790 posse
916 2729 1053 2792 praestare

246 2791 312 2848 certi
329 2791 395 2846 iuris
414 2793 462 2846 est.
498 2789 569 2846 unde
587 2791 609 2844 si
626 2791 689 2856 lios,
716 2805 781 2860 quos
800 2795 830 2844 tu
847 2797 942 2860 rogata
959 2807 1053 2846 manu-

245 2863 349 2914 mittere
365 2859 477 2914 tueras³
494 2865 566 2914 certo
585 2859 682 2914 aetatis
699 2861 762 2914 tuac
777 2863 904 2926 tempore,
924 2857 957 2914 ad
971 2861 1052 2914 libcr-

244 2933 326 2984 tatcm
344 2945 396 2984 non
413 2927 577 2998 produxisti,
601 2927 647 2982 sed
670 2933 744 2982 tutor
761 2927 925 2996 manumisit,
949 2943 1052 2982 reman-

245 2999 339 3054 serunt
356 2995 383 3050 in
401 2995 536 3052 servitute.

281 3063 297 3124 7
322 3063 398 3120 Iriern
422 3065 477 3118 AA.
500 3069 528 3118 et
551 3061 598 3118 CC.
623 3061 726 3118 Zotico.
767 3063 795 3118 Si
822 3061 927 3118 debitor
950 3079 983 3116 ex
1006 3063 1052 3118 ad·

245 3133 439 3190 ministratione
475 3145 555 3186 curae
590 3131 711 3186 dominus
745 3135 808 3194 tuus
841 3145 895 3186 non
927 3131 1052 3186 solvendo

245 3201 406 3258 constitutus
420 3199 691 3256 fideicommissariam
707 3199 755 3254 tibi
770 3197 878 3268 reliquit
892 3199 1051 3268 libertatem,

245 3289 305 3326 cum
329 3271 358 3324 iii
383 3267 634 3324 fideicommissariis
661 3269 831 3324 libertatibus
858 3271 981 3322 eventum
1011 3267 1051 3322 iu«

245 3339 312 3410 spici
328 3341 432 3394 tantum
451 3337 603 3404 obtinuerit,
622 3335 687 3390 nibil
706 3337 762 3390 eius
781 3336 904 3394 uoluntas
923 3337 972 3390 tibi
991 3353 1052 3406 pro-

245 3409 321 3464 desse
338 3411 435 3476 petest.

290 3591 348 3650 ani
366 3589 437 3640 NON
454 3519 903 3706 ΡΟΒΕΠΝΞΞῙΞΙΕΙΒΕΒΤΑΤΕΜ
920 3589 999 3640 PER-

278 3743 292 3800 1
333 3741 421 3814 impp.
445 3739 558 3796 Seuerus
583 3745 609 3796 et
626 3739 795 3796 Antoniniani
818 3741 873 3794 AA.
902 3739 1044 3808 Torquato.

245 3811 310 3864 ilum
320 3811 396 3866 divus
408 3817 485 3880 pater
496 3825 570 3864 meus
587 3807 755 3864 constituerit
768 3823 784 3862 a
799 3807 966 3876 praesidibus
983 3823 1045 3876 pro·

243 3879 389 3934 viiiciarum
407 3879 447 3932 rel
466 3877 510 3946 qui
527 3877 735 3932 coercendorum
747 3875 937 3930 maleficiorum
954 3881 1044 3944 potes-

243 3951 325 4000 tatem
338 3949 438 4002 habent
455 3947 482 4000 in
497 3949 627 4014 perpetua
645 3945 750 3998 4144414
762 3945 900 3998 damnatos
913 3943 947 3996 ad
965 3943 1044 3996 liber-

244 4021 325 4070 tatem
335 4013 447 4084 produci
457 4031 509 4068 nou
518 4029 606 4084 posse,
618 4013 654 4078 hi,
671 4013 716 4082 qui
728 4013 799 4066 intra
808 4017 930 4080 tempora
943 4025 1045 4078 poenae

243 4083 319 4138 liberi
338 4089 364 4138 ct
383 4081 493 4138 heredes
512 4097 570 4138 esse
591 4081 657 4136 iussi
680 4085 742 4134 suut
764 4083 812 4134 ant
833 4081 948 4150 legatum
969 4079 1043 4158 fidei3

245 4151 444 4208 commissumve
462 4153 636 4218 acceperunt,
661 4165 747 4218 neque
766 4149 916 4204 libertatem
935 4147 1044 4216 adipisci

244 4237 294 4276 nec
312 4219 452 4288 quicquam
467 4233 638 4288 eorumquae
654 4219 771 4274 hisdata
789 4221 852 4272 sunt
870 4231 965 4284 capere
982 4231 1043 4284 pos·

246 4293 257 4342 1
295 4291 363 4342 sunt.
400 4287 475 4354 aiod
494 4285 516 4342 si
532 4303 634 4354 poenae
651 4291 757 4356 tempus
773 4285 974 4354 compleverint,
992 4285 1043 4336 iam

244 4357 316 4410 omni
335 4355 438 4410 vinculo
452 4355 567 4410 exsoluti
586 4357 613 4408 et
628 4353 704 4424 quasi
722 4353 756 4408 ad
772 4351 964 4422 pristinamvel
983 4351 1044 4406 siin-

243 4425 341 4492 plicem
358 4423 492 4480 servitutis
504 4423 684 4478 condicionem
698 4423 801 4478 redacti
813 4427 840 4476 et
857 4423 1005 4476 libertatem
1019 4421 1044 4472 et

243 4493 267 4548 si
278 4507 330 4562 qua
344 4493 509 4546 testamentis
523 4491 690 4546 dominorum
707 4491 752 4546 illo
771 4495 889 4560 ternpore
905 4489 1042 4544 defuncto-

242 4577 301 4614 rum
314 4565 483 4630 accepernnt,
502 4559 558 4612 siiic
572 4561 627 4614 ulla
641 4561 796 4628 quaestione
806 4561 967 4628 praeteritae
980 4569 1042 4626 poe-

243 4629 311 4684 iiae⁶
333 4631 538 4696 consequantur.
579 4627 612 4682 D.
631 4643 687 4682 irai
703 4627 729 4682 a.
749 4625 800 4682 Iul.
824 4627 891 4698 ipsis
909 4625 1044 4680 Antonino

241 4703 268 4754 et
287 4697 355 4752 Vero
371 4699 426 4752 AA.
445 4695 551 4750 carissi·
727 4755 728 4758 Ἴ
913 4699 946 4760 [a.
967 4693 1042 4756 icti]

275 4763 402 4836 ilmpp.
428 4763 589 4818 Valerianus
611 4771 637 4818 et
656 4763 795 4822 Gallienus
818 4767 873 4822 AA.
896 4763 1045 4820 Theodoro.

240 4831 267 4888 ls
285 4831 398 4902 quidem,
422 4833 467 4900 qni
484 4837 644 4888 testamento
662 4833 759 4888 uetitus
778 4837 819 4888 est
836 4833 993 4900 manumitti,
1013 4831 1045 4886 ad

241 4905 252 4954 1
287 4901 436 4954 libertatem
452 4917 505 4956 non
518 4904 609 4968 potest
621 4901 766 4970 pervenire.
796 4901 849 4956 Sed
863 4903 891 4956 iii
906 4901 1044 4972 proposito

239 4969 357 5032 interest,
375 4975 498 5024 utrumne
516 4983 576 5036 eos,
602 4985 668 5038 qiios
687 4987 747 5024 cuni
765 4969 820 5026 filio
839 4973 967 5026 educatos
986 4983 1045 5024 esse

239 5039 353 5092 testator
376 5037 549 5104 expresserit,
575 5040 687 5106 propter
713 5039 843 5092 familiare
869 5037 1044 5092 ministerium

239 5111 266 5160 et
291 5119 368 5158 usum
394 5103 511 5160 filiorum
533 5107 712 5160 necessarium
740 5113 766 5162 et
788 5107 878 5162 venire
902 5113 928 5162 et
950 5121 1042 5160 meiiu-

242 5219 519 5230 ..........-.-—--.......-.—..

238 5269 268 5332 (1(
287 5269 314 5318 Β
324 5269 364 5330 48,
375 5277 394 5330 t,
404 5275 429 5318 33
440 5285 505 5332 seqq.
516 5293 546 5302 -
561 5269 598 5332 Cf.
608 5269 669 5334 Dip.
680 5271 720 5332 40,
731 5279 744 5320 9
792 5271 831 5332 (0(
848 5269 1038 5332 4444444144-

239 5347 277 5386 tur
294 5335 346 5386 ΒΣ
357 5335 390 5398 (κ.
405 5333 446 5396 π.)
497 5334 530 5397 (a)
549 5337 636 5386 contra
651 5341 750 5386 senatus
768 5337 909 5388 consultum
923 5339 1039 5388 Ccontro

239 5407 291 5454 ΒΣ
299 5409 331 5466 (κ.
341 5405 379 5464 π.)
424 5403 456 5464 (3)
473 5403 648 5452 manumittere
657 5405 738 5454 fueras
747 5407 837 5470 scripsi
845 5409 880 5458 ud
887 5407 942 5456 ΒΣ
947 5407 978 5468 (κ.
989 5403 1038 5466 aa),

691 5223 948 5230 ..m-u--m-dffl...

239 5473 318 5524 fueras
339 5469 420 5532 CRM,
440 5467 521 5518 fueras
535 5469 708 5522 manumittere
727 5473 782 5524 deta
819 5475 851 5536 (4)
866 5473 894 5526 Β
912 5479 1037 5538 4414-
1062 5523 1063 5526 ,

240 5541 278 5608 Cf.
296 5541 355 5606 Dip.
366 5541 434 5602 40,9
478 5539 510 5602 (a)
527 5537 607 5602 Impp.
626 5539 768 5590 Antoninus
786 5545 811 5590 ct
828 5541 908 5592 Verus
927 5541 1038 5594 Celusius

237 5619 336 5674 propter
352 5607 414 5674 Dip.
430 5609 470 5668 is,
486 5615 524 5668 19,
547 5615 573 5656 33
593 5607 660 5656 lauri
676 5619 745 5672 recte,
767 5629 817 5662 cnm
835 5621 951 5676 sequatur
967 5613 1038 5676 pater

236 5685 304 5726 mens
339 5677 371 5742 (4)
388 5673 534 5742 praeteritae
548 5675 683 5738 poenaeli,
701 5677 834 5740 praeterita
848 5681 873 5744 O,
890 5679 1037 5744 praeteritae

238 5743 435 5810 ammian.)
491 5743 533 5806 (6¹)
553 5743 585 5808 cs.
597 5753 658 5806 pt
705 5745 737 5806 (a)
757 5745 1036 5806 atvcnirietman.li,

237 5825 282 5862 rec
303 5827 354 5862 non
371 5813 456 5864 reiiire
473 5813 497 5862 et
519 5823 584 5860 maii.
606 5809 637 5872 O,
661 5809 741 5860 veniri
760 5815 853 5864 omissis
871 5815 970 5882 reliquis
987 5815 1041 5866 ΒΣ

1054 315 1117 416 ssi

1705 349 1763 412 tii
1789 355 1910 414 ii—ii

1106 533 1190 588 mitti⁷
1210 531 1335 596 noluerit,
1361 549 1394 588 an
1413 537 1490 606 qnasi
1508 537 1575 592 male
1592 535 1692 592 meritis
1709 547 1823 604 poenam
1840 533 1911 588 inro-

1107 607 1122 652 2
1157 601 1265 670 paverit.
1306 601 1377 656 Nam
1399 607 1487 674 priore
1505 613 1582 676 casu,
1607 611 1692 660 morte
1712 603 1768 658 eius
1787 601 1830 656 cui
1850 617 1911 656 coii-

1106 669 1245 728 sciebatur
1263 671 1383 736 obsequti
1401 675 1559 730 necessitate
1580 675 1670 744 finita,
1694 673 1803 730 libertas
1821 673 1912 738 potest

1106 739 1258 806 pervenire,
1282 741 1430 806 posteriorc
1447 743 1483 810 id,
1502 743 1571 810 quod
1588 759 1692 814 poenae
1709 757 1791 796 causa
1808 739 1837 794 iii
1855 755 1911 794 ser-

1106 823 1152 862 vos
1180 811 1311 864 statutum
1336 813 1384 874 est,
1409 823 1518 864 necesse
1542 817 1581 866 cst
1604 813 1673 868 vires
1697 827 1759 868 suas
1783 805 1911 872 obtinere,

1107 877 1212 942 quando
1244 875 1309 930 diris
1341 877 1497 994 parentibus
1529 881 1593 934 meis
1625 881 1757 948 placuerit
1783 875 1911 934 eiusmodi

1107 947 1326 1000 testamentorum
1354 957 1414 1012 eges
1432 949 1586 1012 perpetuam
1604 949 1756 1004 servitutem
1774 947 1842 1002 male
1856 959 1910 1000 mc·

1106 1011 1164 1066 ritis
1189 1013 1271 1068 servis
1288 1013 1423 1080 inrogare,
1446 1015 1476 1064 iit
1493 1027 1542 1066 444
1559 1029 1608 1080 per
1625 1019 1792 1086 suppositum
1810 1017 1911 1084 empto-

1106 1095 1159 1134 rem
1178 1081 1213 1136 ad
1230 1081 1380 1136 libertatem
1398 1079 1511 1150 produci
1528 1081 1641 1148 possint.

1453 1253 1546 1312 Xlll.⁸

1105 1357 1170 1406 PRO
1198 1357 1321 1414 caiana
1347 1353 1463 1406 cissis
1490 1353 1589 1402 suavi
1616 1353 1797 1408 nasaniam
1821 1359 1911 1410 Asai-

1331 1423 1437 1474 PIUNT
1454 1423 1684 1474 LlBERTATEM.

1141 1521 1153 1580 1
1183 1521 1256 1596 9Imp
1278 1567 1283 1580 .
1307 1523 1496 1600 Iliacletlapus
1518 1527 1545 1576 el
1565 1519 1753 1600 Maximianus
1771 1525 1826 1578 AA.
1852 1525 1911 1582 ar-

1106 1591 1177 1648 mino
1189 1593 1216 1646 ¹⁰.
1252 1541 1383 1660 1144ῃί44
1402 1591 1525 1658 religiosa
1543 1589 1693 1646 sollicitudo
1712 1591 1746 1644 ad
1764 1593 1911 1660 augendam

1105 1659 1353 1728 provocandamquc
1379 1657 1440 1712 fidei
1466 1659 1677 1720 observationem
1702 1657 1767 1714 iuris
1793 1663 1910 1730 praemio

1106 1727 1184 1782 adfici
1208 1727 1299 1796 debet,
1325 1727 1347 1780 si
1373 1727 1407 1780 ad
1429 1725 1611 1782 ulciscendam
1630 1727 1736 1782 caedem
1754 1727 1854 1782 domini
1871 1729 1911 1784 iii-

1106 1795 1238 1864 corruptis
1262 1795 1466 1864 probationibus
1489 1811 1521 1850 aa
1543 1801 1653 1850 strenuo
1671 1797 1731 1850 nisu
1750 1795 1911 1864 constiteris,

1104 1863 1264 1930 libertatem,
1289 1879 1374 1932 quam
1392 1863 1433 1918 liis
1451 1865 1497 1932 qni
1514 1863 1681 1918 dominorum
1700 1863 1806 1918 caedem
1825 1865 1909 1920 rindi-

1106 1937 1168 1986 csnt
1191 1933 1244 1986 iam
1267 1933 1369 2002 pridem
1393 1933 1641 1988 senatusconsulto
1664 1939 1691 1986 et
1713 1933 1820 1990 statutis
1838 1933 1911 2002 prin-

1107 2001 1194 2068 cipum
1221 2001 1353 2068 praestari
1379 1999 1512 2056 sancitum
1539 2005 1593 2068 est,
1620 2001 1699 2056 etiam
1725 2007 1755 2054 tu
1781 2017 1830 2068 pro
1856 2003 1911 2056 tam

1104 2069 1255 2138 ingentibus
1274 2069 1374 2124 meritis
1392 2085 1446 2122 non
1469 2085 1501 2124 eii
1524 2071 1583 2140 ipso
1606 2069 1693 2134 lacto,
1721 2069 1767 2124 sed
1794 2069 1911 2124 aditione

1106 2139 1132 2192 et
1149 2137 1281 2192 sententia
1298 2137 1428 2208 praesidis
1445 2137 1604 2208 reportabis.
1633 2137 1689 2192 PP.
1714 2151 1758 2192 rii
1772 2137 1808 2192 id.
1821 2137 1910 2194 Deo.¹¹

1105 2203 1275 2262 Diocletiano
1286 2221 1341 2262 iiii
1352 2213 1378 2262 et
1385 2203 1557 2260 Maximiano
1568 2221 1610 2260 iii
1618 2207 1674 2260 AA.
1691 2223 1777 2262 conss.
1806 2211 1840 2272 [a.
1853 2209 1911 2270 290]

1139 2271 1157 2356 2
1179 2271 1269 2346 ¹²lmp.
1290 2273 1486 2356 Constantinus·
1498 2275 1529 2330 A.
1550 2275 1588 2328 acl
1604 2273 1791 2328 Ianuarinuin.
1829 2275 1910 2356 Serri,

1105 2341 1911 2492 tta,tertiat..tiliatt,a⁰‚¹³tta.ttittat

1103 2479 1237 2536 donantur
1247 2479 1275 2548 ¹⁸,
1298 2485 1328 2534 ut
1352 2497 1442 2536 corum
1466 2481 1565 2536 domini
1589 2483 1703 2548 pretium
1727 2495 1743 2532 4
1764 2479 1831 2536 fisco
1869 2493 1909 2536 er·

1104 2549 1210 2618 cipiunt.
1252 2547 1312 2604 ll.¹⁴
1329 2563 1379 2604 iiii
1403 2547 1428 2602 lr.
1453 2547 1515 2604 Dee.
1541 2547 1646 2604 Romae
1670 2547 1767 2620 Crispo
1794 2555 1821 2626 et
1844 2495 1910 2602 ion-

1103 2617 1224 2674 stantino
1246 2615 1293 2674 00.
1312 2631 1341 2672 ri
1358 2635 1444 2674 conss.
1799 2625 1832 2682 [a.
1852 2621 1910 2682 311]

1138 2681 1275 2744 31514444
1292 2685 1381 2740 And
1418 2685 1535 2742 aulum.
1571 2683 1681 2754 Siquis
1706 2699 1797 2740 servus
1816 2693 1910 2754 raptus

1103 2753 1209 2822 virginis
1220 2755 1240 2788 ¹⁶
1253 2753 1359 2814 facinus
1373 2755 1583 2810 dissimulatione
1596 2755 1771 2824 praeteritum
1787 2759 1909 2822 441444-

1103 2823 1175 2878 tione
1197 2823 1383 2878 transmissum
1402 2821 1570 2878 detuleritis
1589 2821 1735 2890 publicum,
1757 2821 1881 2878 libertate
1891 2823 1910 2856 ¹⁷

1103 2891 1224 2946 donetur.
1264 2889 1297 2946 a.
1318 2891 1392 2962 prid.
1420 2889 1446 2946 e.
1471 2889 1558 2962 April.
1582 2889 1707 2962 Aquileia
1733 2887 1909 2946 Constantino

1103 2959 1134 3014 A.
1157 2973 1186 3014 ri
1203 2965 1230 3016 et
1247 2957 1425 3014 Constantino
1447 2957 1471 3014 0.
1490 2975 1577 3014 conss.
1796 2963 1830 3024 [a.
1850 2963 1908 3022 310]

1136 3025 1155 3082 4
1181 3025 1313 3100 ²⁸lmppp.
1337 3025 1485 3082 Gratianus
1509 3025 1717 3082 Valentinianus
1739 3033 1767 3082 et
1789 3025 1910 3082 licerio-

1101 3095 1159 3150 sins
1176 3097 1256 3148 AAA.
1280 3095 1318 3148 acl
1335 3095 1482 3166 Spaprium
1498 3113 1548 3166 pp.
1585 3095 1613 3148 Si
1635 3095 1796 3150 desertorem
1818 3109 1909 3150 serviis

1102 3163 1260 3232 prodiderit,
1281 3163 1407 3220 libertate
1431 3163 1552 3218 donetur.
1595 3161 1651 3216 PP.
1676 3161 1784 3218 ialal.
1806 3163 1910 3218 Romae

1105 3231 1237 3286 Gratiano
1262 3237 1319 3286 ret
1338 3229 1488 3286 Theodosio
1506 3233 1561 3286 AA.
1581 3247 1668 3286 conss.
1795 3235 1830 3298 [a.
1850 3235 1908 3296 380]

1442 3405 1563 3466 xliiii

1192 3525 1194 3528 ·
1273 3505 1318 3556 DE
1337 3505 1501 3556 Insanum
1520 3505 1735 3556 manumissm.

1137 3603 1149 3662 1
1175 3605 1242 3678 lmp.
1261 3605 1419 3680 Alexander
1436 3605 1467 3662 A.
1487 3603 1601 3660 Petreio.
1632 3603 1661 3658 Si
1677 3605 1821 3676 ingenuum
1838 3609 1865 3660 te
1883 3611 1909 3660 ct

1101 3677 1261 3730 testamento
1279 3677 1469 3730 manumissum
1487 3689 1545 3730 esse
1564 3673 1647 3738 dicas,
1667 3673 1739 3742 apud
1756 3691 1821 3730 suos
1838 3673 1907 3730 iudi·

1102 3759 1146 3798 ces
1170 3757 1277 3798 eausam
1300 3757 1377 3812 agere
1401 3741 1494 3808 debes,
1518 3743 1541 3798 si
1564 3747 1652 3796 tamen
1677 3745 1776 3798 iustum
1801 3745 1907 3802 coutra-

1102 3811 1230 3866 dictorem
1247 3811 1343 3878 babes,
1367 3811 1394 3866 id
1413 3817 1453 3866 est
1471 3829 1542 3880 eum,
1563 3811 1608 3880 qui
1626 3825 1656 3864 se
1673 3813 1816 3880 patronum
1832 3815 1908 3866 tuum

1101 3895 1158 3938 esse
1183 3879 1257 3944 dicit,
1281 3895 1381 3934 memor
1398 3887 1518 3934 senatum
1538 3881 1686 3948 censuisse,
1711 3883 1753 3946 ut,
1778 3879 1824 3950 qni
1845 3883 1908 3948 post

1101 3947 1333 4004 manumissionem
1361 3949 1487 4016 originem
1513 3947 1681 4028 repetierint,
1713 3961 1745 4002 ea
1777 3963 1845 4018 quae
1875 3949 1908 4002 de

1101 4015 1178 4072 domo
1202 4015 1401 4072 manumissoris
1424 4015 1524 4072 habent
1546 4015 1584 4072 ibi
1606 4015 1766 4084 ielinquant.
1802 4017 1830 4070 in
1855 4031 1908 4084 qua

1100 4099 1182 4142 causa
1206 4085 1286 4138 etiam
1307 4085 1395 4152 legata
1419 4089 1449 4138 ut
1473 4085 1569 4140 liberto
1594 4083 1657 4138 data
1681 4099 1740 4142 esse
1757 4085 1824 4138 iuris
1841 4101 1905 4152 pru-

1100 4153 1224 4208 dentibus
1242 4153 1351 4222 placuit.

1134 4219 1153 4276 2
1173 4221 1241 4292 Imp.
1259 4219 1413 4276 Gordianus
1427 4221 1458 4274 A.
1471 4219 1624 4292 Pompeiae.
1652 4219 1797 4288 Ingenuam
1815 4225 1905 4276 natam

1099 4303 1185 4356 iieque
1202 4291 1423 4344 nutrimentorum
1441 4291 1560 4358 sumptus
1576 4303 1662 4358 neque
1677 4289 1812 4344 servitutis
1827 4291 1905 4344 obse-

1117 4357 1189 4412 uium
1202 4355 1306 4410 faciunt
1319 4356 1441 4412 ancillam
1457 4371 1542 4426 neque
1557 4357 1729 4412 manumissio
1744 4357 1903 4414 libertinam.

1124 4423 1157 4492 P.
1171 4441 1188 4480 r
1202 4423 1238 4478 ici.
1257 4423 1323 4480 aiat.
1343 4423 1443 4480 Salina
1460 4441 1488 4480 ri
1503 4431 1530 4480 et
1545 4423 1664 4480 Venusto
1682 4441 1769 4480 conss.
1798 4433 1832 4492 [a.
1847 4431 1904 4492 iia]

1133 4489 1150 4550 3
1170 4491 1239 4574 Imp.
1250 4491 1396 4564 Pliilippus
1410 4493 1441 4546 A.
1459 4493 1632 4550 Felicissime.
1660 4493 1689 4550 si
1707 4495 1791 4550 ariam
1807 4497 1905 4550 tuam²⁰

1097 4575 1286 4616 manumissam
1310 4567 1405 4630 postea
1428 4561 1569 4630 ingenuam
1592 4561 1757 4618 sollemniter
1786 4565 1905 4618 constitit

1098 4635 1250 4698 statumque
1272 4629 1329 4684 eius
1352 4629 1437 4684 iustae
1462 4631 1608 4684 sentcntiae
1631 4637 1721 4686 tuetur
1746 4631 1903 4696 auctoritas,

1097 4697 1165 4752 filios
1192 4699 1248 4752 eius
1276 4699 1394 4768 quamvis
1421 4705 1482 4754 ante
1510 4699 1667 4754 seutentiam
1696 4707 1836 4770 susceptos
1862 4701 1902 4756 in-

1097 4781 1207 4834 genuam
1230 4765 1380 4822 libertatem
1403 4783 1457 4822 non
1482 4769 1612 4822 immerito
1636 4765 1769 4836 flagitare,
1796 4769 1820 4822 si
1844 4785 1903 4822 cum

1097 4833 1267 4902 peritioribus
1285 4839 1430 4892 tractatum
1447 4837 1595 4904 habuisses,
1619 4837 1700 4892 facile
1718 4853 1902 4906 cognosceres.

1130 4901 1148 4960 4
1167 4903 1256 4976 lump.
1275 4903 1463 4960 Diocletianus
1485 4913 1511 4960 ct
1527 4903 1716 4960 Maximianus
1733 4909 1788 4960 AA.
1808 4913 1835 4960 et
1854 4901 1901 4960 CC.

1096 4971 1242 5044 Aprippae.
1284 4973 1350 5028 Cum
1373 4979 1515 5040 cognatum
1532 4977 1607 5026 tuum
1624 4973 1776 5042 ingenuum,
1801 4973 1902 5028 tactum

1095 5039 1268 5110 Palmyrenae
1298 5041 1422 5096 factionis
1454 5041 1631 5098 dominatione
1656 5041 1728 5096 velut
1759 5043 1901 5110 captivum,

1095 5107 1250 5164 distractum
1268 5125 1327 5164 esse
1346 5111 1431 5176 dicas,
1450 5125 1557 5180 praeses
1574 5109 1727 5178 provinciae
1744 5107 1901 5178 ingenuitat‘

1094 5283 1175 5342 (ii-n.)
1235 5281 1268 5344 (8)
1287 5281 1314 5332 B
1329 5285 1369 5346 ia,
1384 5293 1455 5334 1s-
1475 5283 1510 5348 Of.
1525 5283 1585 5350 Dip.
1600 5285 1668 5346 10,8
1730 5281 1764 5348 (9)
1786 5281 1899 5332 Ocinarus

1094 5357 1155 5398 recte
1169 5349 1248 5414 ianpit
1265 5353 1285 5412 l,
1302 5359 1335 5414 19,
1349 5363 1358 5404 1
1398 5351 1443 5416 (ta)
1458 5351 1586 5402 Firminae
1603 5353 1624 5416 1,
1639 5363 1692 5414 iu,1
1728 5351 1770 5414 (a)
1783 5349 1833 5398 PP.
1849 5361 1898 5398 viii

1093 5413 1125 5464 id.
1145 5415 1197 5464 Oct.
1220 5419 1241 5476 1,
1259 5427 1320 5478 19,1
1391 5419 1435 5482 lli]
1454 5443 1487 5464 =
1505 5417 1548 5470 lb.
1566 5421 1590 5482 9,
1609 5431 1641 5482 il,
1660 5431 1683 5470 a:
1703 5419 1774 5482 inape
1792 5417 1815 5480 a,
1835 5421 1897 5476 iat
1943 5437 1944 5440 ¹

1093 5483 1137 5548 (ta)
1153 5485 1188 5534 sic
1202 5483 1256 5542 Aa,
1274 5485 1398 5536 donentur
1416 5487 1464 5536 PR
1481 5505 1532 5538 cum
1546 5489 1599 5536 ΒΣ
1609 5491 1641 5548 (κ.
1652 5489 1699 5548 nl.
1718 5485 1837 5534 donamus
1853 5485 1896 5536 Tl.

1092 5553 1137 5616 (iil
1154 5565 1194 5614 pp.
1213 5569 1258 5602 scr.
1311 5555 1462 5620 (is).—.Tl.
1473 5557 1497 5618 9,
1508 5567 1565 5618 aas
1616 5551 1896 5618 (insigniebam.

1091 5621 1134 5680 (it)
1151 5617 1287 5672 Latinitate
1303 5623 1346 5674 Ta.
1391 5625 1434 5688 tis]
1450 5647 1483 5668 =
1501 5623 1543 5674 Ta
1559 5627 1582 5686 1,
1593 5631 1690 5684 is,i,i:
1709 5623 1781 5686 inape
1796 5621 1831 5680 11,
1842 5629 1896 5682 lui

1091 5687 1136 5750 liti}
1154 5687 1181 5738 B
1199 5689 1239 5748 48,
1259 5701 1290 5752 ta,
1312 5701 1322 5740 1
1340 5711 1405 5758 seqq.
1424 5719 1455 5728 -·-
1478 5693 1515 5758 Cs.
1531 5689 1591 5756 Dip.
1611 5691 1651 5750 11),
1670 5699 1692 5738 14
1745 5689 1793 5752 (10)
1811 5689 1845 5740 sic
1863 5689 1895 5752 R,

1091 5753 1206 5804 iincillam
1225 5757 1268 5808 ius.
1292 5759 1313 5812 O

1642 5907 1692 5962 38*
