4266 6266
254 369 319 434 Vs

1044 353 1105 424 ιιι

1530 371 1575 416 Du
1598 371 1757 418 sucumuls
1779 371 1908 424 NUP'I'IIS

933 455 1229 472 ——fflu--n--a—-ann-t-

251 553 324 608 missi
343 551 420 604 titulo
438 547 498 618 plus
516 547 672 614 relinquere,
692 563 741 600 nee
757 545 826 600 dotis
844 551 891 598 aut
908 551 970 600 ante
987 561 1053 614 nup·

251 623 302 676 tias
335 617 483 672 donationis
515 617 619 668 nomine
652 629 699 678 seu
728 615 823 666 mortis
854 629 935 668 causa
963 617 1056 668 habita

251 689 395 744 donatione
427 683 547 740 conferre
580 699 629 736 neo
660 683 729 736 inter
755 683 825 734 vivos
855 681 1055 736 conscribendis

252 755 438 808 donationibus
462 755 540 818 (quae
564 751 614 804 etsi
640 755 779 806 constante
800 749 966 802 matrimonio
986 749 1056 804 civili

251 825 308 876 iure
322 821 479 874 interdictae
494 821 555 882 sint,
574 825 659 874 morte
673 825 762 872 tamen
777 817 912 872 donatoris
926 833 960 870 ex
974 819 1054 872 certis

252 889 339 944 causis
367 887 517 944 confirmari
542 887 648 954 solent),
676 903 755 956 quam
780 885 834 938 fibo
858 885 900 938 vel
921 883 1005 950 filiae,
1032 883 1056 938 si

256 969 260 1010 ι
293 973 361 1010 unus
376 957 417 1010 vel
435 971 487 1010 una
509 957 634 1010 extiterit.
668 955 744 1022 Quod
759 953 782 1006 si
796 953 885 1022 plures
902 953 979 1006 liberi
996 953 1054 1014 fue-

250 1025 312 1090 rint,
331 1025 439 1092 singulis
458 1039 558 1092 aequas
575 1029 665 1094 partes
683 1021 843 1076 habentibus
863 1021 968 1074 minime
985 1023 1053 1088 plus,

251 1109 329 1162 quarn
347 1093 381 1146 ad
398 1109 609 1160 unumquemque
627 1107 719 1142 eorum
736 1091 892 1158 pervenerit,
911 1089 945 1142 ad
963 1103 1055 1142 eorum

251 1169 264 1214 ι
301 1161 381 1214 ιιιιιι
402 1161 522 1214 vitricum
545 1173 716 1214 novercamve
738 1157 888 1210 transferri.
928 1157 974 1208 Sin
992 1171 1053 1208 vero

249 1245 303 1282 non
326 1229 418 1298 eequis
441 1229 606 1298 portionibus
630 1225 663 1278 ad
687 1225 792 1280 eosdem
809 1225 906 1278 liberos
925 1239 1053 1278 memora·

249 1303 294 1350 tae
320 1297 474 1352 transierint
495 1295 653 1356 facultates,
680 1301 744 1346 tune
771 1307 876 1360 quoque
899 1309 953 1346 uon
974 1291 1054 1346 liceat

249 1366 310 1432 plus
329 1381 419 1420 eorrrm
436 1377 565 1418 novercae
581 1361 621 1414 vel
636 1361 728 1414 vitrico
745 1363 888 1414 testantem
905 1361 1053 1426 relinquere

249 1433 291 1486 vel
317 1433 415 1488 donare
441 1445 489 1484 seu
515 1429 585 1484 dotis
610 1429 651 1482 vel
677 1435 740 1482 ante
768 1427 876 1496 nuptias
903 1427 1053 1480 donationis

250 1501 327 1556 titulo
347 1499 474 1562 conferre,
493 1513 573 1564 quam
586 1497 657 1550 iilius
672 1499 714 1550 vel
731 1497 786 1550 filia
800 1497 890 1562 habet,
909 1495 952 1550 cui
969 1495 1055 1550 minor

249 1571 336 1636 portio
356 1567 447 1620 ultima
465 1567 600 1618 voluntate
623 1565 750 1620 derelicta
767 1565 807 1616 vel
829 1565 893 1618 data
910 1565 991 1616 inerit
1008 1567 1055 1616 aut

251 1639 357 1700 donata,
374 1635 412 1688 ita
429 1641 526 1696 tamen,
548 1639 579 1686 ut
596 1639 691 1700 quarta
708 1647 780 1700 pars⁷
803 1649 872 1700 quae
889 1631 971 1684 isdem
989 1629 1053 1684 libe-

249 1705 286 1756 ris
305 1703 465 1756 debetores
482 1701 592 1766 iegibus,
614 1701 687 1754 nullo
705 1699 781 1754 modo
800 1701 935 1754 minuatur
953 1697 1004 1752 nisi
1022 1715 1055 1752 ex

250 1771 291 1824 his
310 1773 412 1834 causis,
435 1785 503 1838 quae
528 1769 561 1822 de
582 1769 730 1822 inofficioso
750 1769 895 1820 excludunt
912 1769 1053 1836 querellas.

251 1845 264 1892 3
308 1839 392 1904 Quam
418 1837 628 1892 observationem
653 1837 681 1890 iu
707 1835 828 1904 personis
854 1837 934 1888 etiam
960 1835 1003 1886 ιιι
1028 1839 1056 1886 ιι

249 1907 330 1970 ιιιιι,
350 1907 441 1974 proavi
459 1909 485 1958 et
503 1905 634 1974 proaviae,
656 1911 780 1972 nepotum
798 1903 838 1956 vel
856 1913 973 1970 neptum,
993 1903 1054 1956 item

249 1979 424 2044 pronepotum
449 1973 490 2024 vel
511 1979 683 2040 proneptem,
714 1973 768 2026 sive
794 1971 821 2024 in
844 1975 976 2038 potestate
1001 1971 1054 2024 sive

250 2043 408 2110 emancipati
425 2039 638 2108 emancipataeve
662 2041 728 2104 sint,
753 2055 785 2092 ex
809 2045 920 2108 paterna
941 2039 981 2092 vel
998 2053 1053 2092 me·

252 2117 326 2164 terna
352 2111 423 2162 linea
446 2109 609 2162 venientibus
620 2111 637 2172 ¹,
668 2107 796 2162 custodiri
825 2121 970 2160 censemus.
1013 2107 1054 2158 sin

249 2195 311 2232 vero
335 2177 396 2246 plus
420 2189 498 2246 quam
521 2177 650 2230 statutum
669 2183 708 2230 est
725 2173 844 2244 ιιιιιιιι2
868 2189 997 2228 ιοιιιιιι
1014 2173 1056 2226 ιιι

251 2245 342 2298 vitrico
364 2245 486 2300 relietum
508 2245 550 2298 vel
574 2243 700 2298 donatum
723 2249 771 2298 aut
793 2243 884 2296 datum
902 2243 996 2306 fuerit,
1019 2243 1053 2306 id,

251 2315 321 2380 quod
344 2315 404 2382 plus
427 2313 549 2366 relictum
566 2313 608 2366 rel
632 2313 758 2366 donatum
781 2315 829 2364 aut
852 2311 943 2364 datum
965 2309 1054 2374 t'uerit,

249 2389 384 2450 tamquam
407 2397 460 2434 non
484 2381 613 2448 scriptum
637 2397 722 2450 neque
743 2379 896 2434 derelictum
913 2379 954 2432 vel
971 2379 1054 2432 dona·

249 2455 306 2504 tum
332 2455 379 2502 aut
405 2449 495 2502 datum
521 2447 556 2500 ad
581 2447 723 2502 liberorum
751 2461 879 2516 personas
905 2447 1002 2500 deferri
1028 2451 1056 2498 et

249 2519 380 2570 intereas
399 2515 630 2570 dividiiubemus:
655 2513 726 2570 omni
751 2513 1008 2582 circumscriptione,
1032 2513 1056 2566 si

250 2601 303 2652 qua
325 2599 373 2652 per
397 2583 582 2650 interpositam
600 2597 742 2650 personam
759 2583 800 2636 vel
818 2583 870 2636 alio
889 2597 1055 2650 quocumque

249 2655 318 2720 illl
354 2651 429 2706 modo
455 2651 536 2702 fuerit
560 2651 723 2718 excogitata,
749 2657 878 2704 cessante.
917 2651 965 2702 His
989 2649 1056 2702 illud

250 2719 423 2786 adiungimus,
442 2723 472 2772 ut
488 2717 583 2772 muber
599 2719 628 2773 in
645 2719 686 2772 his
705 2717 821 2780 casibus,
839 2717 977 2786 inquibus
994 2721 1055 2770 ante

230 2787 357 2854 ,nuptias
381 2787 549 2850 donationes,
576 2793 676 2840 ceteras
702 2789 780 2840 etiam
800 2799 843 2840 res
869 2801 885 2840 a
907 2785 1002 2838 marito
1020 2783 1054 2838 ad

251 2871 279 2908 se
297 2855 432 2910 devolutas
451 2855 597 2908 seeundum
614 2855 730 2922 priorum
746 2855 833 2920 legum
848 2859 949 2908 statuta
963 2855 1053 2906 liberis

251 2923 433 2976 communibus
461 2925 492 2974 ut
516 2927 642 2990 paternas
669 2937 774 2978 servare
801 2921 968 2990 compellitur
993 2921 1053 2986 (hoc

250 2997 291 3044 est
314 2991 360 3044 ubi
383 2995 468 3046 morte
491 2991 579 3044 mariti
601 2991 768 3044 matrimonio
787 2989 915 3044 dissoluto
935 2989 968 3042 ad
987 2989 1053 3042 alias

250 3059 357 3126 nuptias
376 3057 497 3122 venerit),
521 3057 691 3112 immobilium
712 3073 801 3110 rerum
819 3063 845 3110 et
863 3057 1053 3126 mancipiorum

249 3127 483 3194 annonarumque³
507 3125 620 3178 civilium
644 3143 694 3180 usu
717 3125 807 3180 fructu
829 3125 967 3180 dumtaxat
985 3125 1054 3178 vitae

250 3209 314 3248 suae
332 3195 494 3262 temporibus
512 3193 637 3260 potiatur,
662 3193 819 3248 alienatione
838 3209 928 3246 earum
946 3193 1053 3260 penitus

251 3269 264 3314 ι
300 3263 453 3314 interdicta:
479 3261 617 3314 Metilium
639 3263 720 3314 ιιιοι
743 3277 843 3328 rerum,
868 3263 944 3314 iustis
961 3261 1053 3328 pretiis

251 3329 432 3384 aestimatione
451 3329 543 3382 habita
559 3345 606 3396 per
624 3343 683 3394 eos,
706 3345 771 3398 ιιιοι
790 3335 903 3398 utraque
920 3343 983 3396 pars
1001 3329 1053 3382 ele·

249 3397 329 3464 gerit,
362 3399 478 3450 arbitros
504 3395 668 3450 iudicaturos
694 3395 850 3464 interposito
878 3403 1052 3458 sacramento,

251 3465 327 3518 simili
345 3465 422 3518 modo
441 3463 652 3518 usumfructum
669 3463 778 3528 habeat,
803 3463 826 3518 si
848 3463 970 3518 idoneam
988 3463 1052 3516 iide-

250 3533 394 3586 iussionem
410 3531 577 3600 praebuerit,
600 3533 672 3600 quod
697 3531 801 3586 easdem
825 3547 867 3584 res
884 3531 994 3586 mobiles
1012 3531 1053 3584 vel

250 3617 341 3654 aarum
358 3599 471 3668 pretium
488 3599 547 3652 filiis
566 3603 593 3652 et
609 3599 714 3654 filiabus
732 3615 765 3654 ex
779 3599 870 3652 eodem
884 3599 1051 3652 matrimonio

249 3669 397 3734 procreatis
415 3669 455 3722 vel
471 3671 534 3734 post
551 3671 662 3720 mortem
676 3677 770 3722 'eorum
789 3667 930 3734 nepotibus
946 3673 972 3720 et
987 3683 1052 3734 nep·

249 3737 321 3788 tibus
341 3751 373 3788 ex
390 3735 472 3788 isdem
488 3735 578 3788 liberis
596 3737 754 3802 procreatis,
778 3735 847 3788 sire⁵
872 3735 993 3790 omuibus
1011 3735 1052 3788 ιιι

249 3819 303 3856 ιιι
336 3817 420 3856 ιιιιι
452 3801 594 3870 superstite
624 3803 690 3856 mori
723 3803 876 3872 contigerit,
906 3803 1052 3858 secundnm

250 3875 265 3924 ιι
299 3869 386 3936 legum
401 3869 507 3924 modum
527 3869 665 3926 restituatr
689 3871 740 3926 Vel
763 3877 833 3924 certe
857 3871 880 3924 si
900 3869 1051 3924 fideiussio-

249 3953 296 3992 nes
313 3937 422 3992 idoneas
440 3941 576 4006 praestare
593 3937 725 3992 distulerit
740 3945 786 3992 aut
803 3937 956 4006 nequiverit,
974 3953 1051 4006 prae·

250 4007 338 4058 ιιιιιιι
360 4021 403 4058 ιιι
425 4005 536 4058 mobiles
563 4007 674 4058 necdum
697 4007 774 4058 matri
798 4007 920 4060 aliberis
938 4007 1051 4058 traditae

249 4073 321 4142 apud
345 4073 450 4128 eosdem
471 4073 628 4126 manebunt:
652 4073 755 4128 solutae
777 4091 838 4128 vero
864 4073 948 4128 eidem
974 4073 1053 4126 matri

248 4141 290 4196 vel
306 4141 341 4194 ab
359 4141 450 4194 eadem
468 4139 590 4196 detentae
608 4141 780 4196 restituentur
797 4141 898 4206 liberis,
923 4141 947 4196 si
962 4145 1052 4194 tamen

249 4209 283 4262 ab
309 4209 350 4262 his
376 4207 510 4262 fideiussio
536 4209 632 4262 idonea
657 4209 737 4264 matri
763 4209 843 4262 fuerit
869 4207 972 4274 oblata,
1000 4223 1052 4276 qua

250 4277 338 4330 caveri
354 4277 447 4340 debet,
472 4275 542 4342 quod
566 4277 650 4330 eidem
674 4277 810 4346 superstiti
826 4293 873 4344 pro
892 4277 1052 4330 usufructu

249 4343 390 4398 earundem
414 4359 502 4398 rernm
523 4345 659 4398 mobilium
680 4347 720 4400 sel
744 4345 843 4414 pretio,
867 4361 917 4412 quo
941 4347 1051 4398 taxatae

248 4419 322 4476 sunt,
346 4427 486 4464 usurarum
509 4413 613 4466 nomine
638 4415 795 4466 centesimae
818 4419 919 4480 partem
945 4413 1050 4466 tertiam

248 4479 344 4532 annuis
362 4479 511 4548 quibusque
525 4481 688 4560 temporibus
703 4485 839 4550 praestare
855 4495 907 4532 non
920 4479 1050 4544 differant,

248 4547 286 4598 ιιι
309 4553 340 4600 ιι
362 4547 390 4598 ιι
413 4545 505 4600 eadem
527 4547 695 4602 lidemssione
714 4549 766 4604 hoc
791 4563 894 4616 quoque
917 4555 1050 4612 caveatur,

248 4613 319 4682 quod
343 4629 359 4668 a
382 4613 441 4668 filiis
464 4613 621 4682 filiabusque
639 4621 666 4670 et
683 4631 715 4670 ex
732 4617 773 4670 his
790 4615 886 4682 genitis
908 4615 1004 4682 liberis,
1028 4613 1051 4668 si

248 4685 310 4734 ante
337 4681 447 4736 eandem
472 4685 582 4736 matrem
607 4699 696 4738 omnes
722 4699 767 4738 eos
798 4683 872 4736 ebbe
903 4683 1050 4752 coaugerit,

248 4763 339 4802 omues
362 4763 405 4802 res
428 4749 580 4816 praedictae
602 4751 711 4806 mobiles
729 4751 874 4804 secundum
890 4751 978 4818 legum
994 4767 1050 4804 mo·

248 4817 410 4870 deratiouem
427 4817 513 4882 matri,
537 4823 568 4870 ut
585 4819 618 4870 ad
636 4819 747 4872 eandem
763 4817 866 4872 lucrum
883 4819 975 4872 redeat
992 4819 1049 4872 luo·

249 4891 262 4936 7
298 4889 411 4948 tunsum,
430 4883 610 4938 restituentur.
638 4887 698 4940 Erit
710 4887 800 4954 itaque
813 4885 914 4940 licitum
933 4887 1050 4940 utrilibet

247 4953 325 5020 parti,
345 4967 411 5018 quae
428 4949 625 5006 fideiussionem
642 4955 803 5020 praebuerit,
827 4955 851 5006 si
869 4955 918 5006 sibi
935 4969 1049 5008 commo-

248 5021 309 5072 dum
332 5033 389 5072 esse
410 5021 599 5090 perspexeriti,
622 5021 661 5074 his
683 5021 762 5076 rebus
779 5021 921 5076 mobilibus
939 5021 981 5074 uti
998 5021 1050 5074 lrui

248 5087 405 5154 easdemque
424 5087 487 5142 dare
504 5093 595 5142 mutuo
614 5089 672 5142 vel⁷
690 5089 807 5156 obligare
824 5089 865 5144 vel
882 5089 1002 5152 vendere,
1020 5095 1050 5142 ut

248 5169 282 5206 ex
304 5153 345 5206 bis
370 5155 481 5208 maxime
504 5155 581 5210 liberi
608 5155 775 5224 adquirentes
803 5157 907 5226 possint
930 5163 1049 5210 materno

248 5225 263 5276 8
299 5219 416 5276 adfectui
434 5223 490 5276 sine
509 5239 556 5276 suo
575 5225 739 5280 incommodo
758 5225 864 5278 servire.
897 5225 944 5278 Sin
961 5231 1050 5278 antem

248 5291 360 5356 utraque
378 5303 440 5354 pars
458 5291 619 5354 praedictam
637 5291 832 5346 fideiussionem
848 5291 1050 5346 dissimulaverit

248 5363 296 5410 aut
312 5357 382 5410 forte
399 5357 493 5410 offerre
511 5359 663 5476 nequiverit,
686 5361 792 5414 eaedem
810 5375 852 5414 res
870 5359 942 5428 apud
958 5361 1050 5414 mulie·

248 5429 263 5476 9
280 5429 315 5492 (ι)
333 5439 387 5478 rem
402 5437 485 5490 usque
500 5423 528 5474 in
561 5425 610 5478 iem
624 5425 692 5480 vitae
704 5441 767 5480 suae
782 5429 934 5480 manebunt.
962 5429 1050 5482 Omni·

247 5597 278 5660 (ι)
287 5611 316 5646 ex
325 5599 376 5660 pat.
386 5591 516 5644 veihnai.
528 5593 682 5646 venientibus
692 5601 807 5648 collocari
815 5601 900 5648 debent
913 5617 987 5664 supro
993 5609 1050 5664 post

246 5663 364 5728 proaviae
398 5663 430 5726 (ι)
440 5659 536 5724 aliquid
546 5657 573 5720 C,
582 5679 625 5710 om.
633 5663 657 5710 P
689 5667 721 5728 (ι)
731 5669 765 5716 ιιι
776 5663 802 5728 0,
817 5681 971 5714 annonarum
982 5669 1049 5726 laun.

249 5749 294 5780 om.
304 5731 357 5794 Μαι
372 5745 469 5792 quoque
478 5729 513 5780 M
551 5727 584 5794 (ι)
598 5743 655 5778 vero
670 5735 734 5796 dett,
749 5751 792 5782 om.
811 5731 864 5784 cM
902 5735 935 5796 (ι)
945 5735 996 5782 sive
1010 5735 1048 5794 M,

248 5799 270 5852 si
288 5795 379 5850 eamC
435 5797 469 5862 (ιι
488 5795 640 5862 prospexerit
659 5799 715 5848 libri
773 5801 807 5866 (7)
824 5803 912 5852 mutuo
930 5801 968 5852 vel
987 5803 1048 5866 erist,

1104 539 1284 594 licissidelicet
1300 539 1380 594 isdem
1397 539 1563 594 maritalibus
1574 539 1755 606 facilitatibus,
1772 539 1813 594 his
1823 543 1908 614 etiam,

1105 625 1171 676 quas
1189 611 1270 662 habet
1286 609 1443 662 babiturave
1461 615 1509 674 est,
1534 619 1667 678 tamquam
1683 609 1706 660 si
1721 611 1778 662 iure
1792 611 1908 678 pignoris

1104 677 1145 732 ιιι
1171 677 1337 746 hypothecae
1360 677 1515 744 suppositae
1539 677 1604 744 sint,
1628 691 1708 742 super
1733 677 1824 730 eadem
1847 689 1908 734 ante

1104 745 1211 812 nuptias
1235 743 1377 798 donatione
1402 743 1442 796 vel
1465 745 1544 798 rebus
1568 747 1626 800 aliis
1646 743 1755 798 adeam
1774 761 1806 798 ιι
1823 749 1908 802 mariti

1105 813 1255 868 substantia
1273 811 1401 866 devolutis
1421 827 1453 866 ex
1471 827 1501 866 eo
1526 813 1580 878 die,
1605 829 1656 882 quo
1680 813 1785 866 eaedem
1809 829 1852 866 res
1876 819 1909 872 ad

1105 899 1163 936 eam
1187 881 1366 950 pervenerint,
1390 879 1481 934 liberis
1508 881 1643 948 obligatis,
1668 887 1706 944 ut,
1728 881 1751 934 si
1775 883 1833 950 quis
1850 893 1911 950 post

1104 949 1217 1004 traditas
1241 951 1319 1002 matri
1341 947 1381 1000 vel
1403 947 1524 1002 detentas
1547 951 1580 1002 ab
1605 965 1637 1002 ea
1659 963 1702 1000 res
1720 947 1753 1012 (si
1769 949 1808 1002 ita
1826 953 1909 1004 conti-

1103 1019 1182 1086 gerit)
1200 1023 1366 1070 eontraotum
1383 1017 1497 1082 aliquem
1513 1033 1572 1070 cum
1589 1017 1679 1070 eadem
1693 1015 1802 1070 muliere
1814 1017 1908 1082 inierit,

1105 1101 1173 1154 quae
1190 1101 1219 1140 se
1236 1085 1355 1152 repetitis
1374 1085 1475 1152 nuptiis
1499 1085 1676 1152 copulaverit,
1702 1083 1730 1136 iu
1748 1085 1909 1142 vindicandis

1103 1155 1188 1208 isdem
1210 1153 1354 1220 suppositis
1377 1153 1458 1206 rebus
1481 1153 1614 1220 posterior
1638 1151 1782 1218 habeatur,
1812 1153 1908 1220 liberis,

1104 1223 1150 1290 qui
1167 1239 1200 1276 ex
1218 1223 1310 1276 eodem
1328 1219 1495 1274 matrimonio
1513 1221 1647 1288 procreati
1668 1225 1738 1284 suut,
1763 1223 1790 1274 et
1808 1225 1908 1288 nepoti-

1105 1291 1154 1342 bus
1178 1289 1347 1358 neptibusve,
1372 1289 1417 1356 qui
1440 1303 1473 1340 ex
1489 1289 1530 1340 his
1548 1289 1638 1344 liberis
1655 1287 1737 1354 geniti
1757 1293 1831 1352 sunt,
1853 1289 1909 1344 sine

1109 1361 1136 1408 ιι
1172 1359 1252 1412 dubio
1276 1355 1480 1426 praeponendis.
1523 1355 1568 1410 Sin
1590 1373 1650 1410 vero
1682 1355 1826 1410 liberorum
1847 1373 1908 1412 suo·

1103 1441 1161 1478 rum
1180 1425 1332 1478 adiectione
1352 1431 1455 1478 servata
1472 1429 1549 1492 pater
1570 1431 1686 1478 materve
1707 1425 1740 1478 ad
1760 1425 1824 1478 alias
1841 1441 1908 1494 nup-

1106 1493 1155 1544 tias
1180 1493 1294 1560 migrare
1319 1493 1446 1556 uoluerit,
1471 1507 1556 1560 neque
1573 1493 1611 1546 vir
1628 1493 1677 1556 his,
1699 1507 1767 1560 quae
1784 1493 1910 1548 debonis

1105 1559 1196 1614 uxoris
1214 1561 1249 1614 ad
1266 1577 1295 1614 se
1312 1565 1460 1624 transeunt,
1479 1577 1564 1628 neque
1579 1559 1671 1612 mulier
1686 1561 1774 1626 rebus,
1793 1577 1860 1628 quae
1877 1577 1909 1616 ιι

1105 1629 1255 1682 substantia
1272 1627 1360 1682 mariti
1377 1629 1413 1682 ad
1430 1643 1458 1682 se
1476 1629 1650 1696 pervenerint,
1669 1643 1718 1696 pro
1735 1645 1783 1682 suo
1799 1629 1909 1684 arbitrio

1105 1697 1143 1748 uti
1165 1697 1205 1748 vel
1229 1711 1273 1750 eas
1297 1695 1410 1752 vendere
1433 1703 1481 1748 aut
1503 1711 1668 1764 quocumque
1692 1695 1749 1748 iure
1767 1697 1808 1750 vel
1832 1699 1908 1752 modo

1106 1781 1149 1818 eas
1175 1765 1290 1818 alienare
1312 1765 1353 1818 vel
1377 1763 1494 1832 pignoris
1523 1763 1580 1818 iure
1604 1763 1657 1820 sive
1682 1763 1849 1832 hypothecae
1877 1769 1909 1830 (si

1105 1831 1245 1898 volueriut)
1269 1833 1399 1898 obligare,
1424 1837 1517 1898 utpote
1541 1833 1639 1886 domini
1657 1847 1761 1898 earum,
1784 1831 1909 1902 prohibe-

1107 1905 1134 1952 ιι
1172 1901 1278 1954 buntur.
1312 1899 1443 1952 Extantes
1463 1907 1551 1952 autem
1568 1901 1718 1968 praedictas
1737 1917 1792 1966 res,
1817 1901 1839 1954 si
1856 1917 1908 1958 nou

1104 1967 1203 2020 inerint
1218 1969 1350 2022 alienatae
1364 1969 1418 2020 sive
1432 1975 1604 2036 consumptae
1613 1971 1654 2022 vel
1667 1969 1829 2036 suppositae,
1845 1969 1907 2024 lice-

1106 2037 1143 2090 bit
1166 2037 1255 2090 liberis
1274 2037 1407 2090 vindicare
1430 2035 1509 2088 etiam
1529 2051 1583 2090 non
1600 2035 1760 2090 adeuntibus
1777 2037 1908 2092 heredita-

1105 2111 1157 2158 tem
1166 2107 1315 2172 parentum.
1334 2103 1367 2158 D.
1378 2101 1455 2156 nile.
1466 2101 1548 2156 Mart.
1559 2103 1702 2158 Marciano
1714 2119 1785 2158 tons.
1806 2111 1839 2170 [n.
1850 2111 1908 2172 ιιιῖ

1140 2169 1157 2228 7
1178 2171 1245 2244 imp.
1265 2171 1338 2226 Zeno
1357 2173 1387 2224 A.
1409 2169 1568 2226 Sebastiano
1581 2189 1632 2244 pp.
1673 2171 1704 2224 ln
1727 2171 1824 2238 quibus
1841 2177 1908 2228 casi-

1104 2240 1154 2295 bus
1181 2249 1257 2308 pater
1284 2241 1386 2302 dotem,
1414 2243 1499 2294 mater
1525 2245 1587 2294 ante
1608 2241 1715 2308 nuptias
1742 2239 1908 2296 donationem

1104 2309 1143 2360 vel
1169 2309 1234 2362 alias
1258 2323 1301 2362 res
1325 2309 1359 2362 ad
1381 2323 1410 2360 se
1433 2323 1467 2360 ex
1490 2307 1574 2360 altera
1596 2315 1672 2376 parte
1694 2307 1830 2362 devolutas
1848 2309 1908 2364 filiis

1103 2375 1242 2444 utriusque
1260 2393 1338 2430 sexus
1358 2391 1463 2428 servare
1480 2377 1616 2444 praecepti
1635 2379 1710 2440 scrut,
1735 2375 1757 2428 si
1781 2393 1857 2444 quem
1877 2395 1908 2432 er

1103 2443 1164 2498 filiis
1183 2445 1223 2498 vel
1240 2443 1345 2498 filiabus
1368 2451 1431 2498 ante
1452 2445 1537 2510 patris
1556 2443 1597 2498 vel
1613 2445 1706 2498 matris
1724 2443 1826 2498 obitum
1842 2447 1908 2498 mori

1104 2513 1242 2580 coritigerit
1268 2513 1322 2566 sive
1349 2513 1410 2564 aute
1436 2513 1565 2564 secundas
1592 2511 1700 2580 nuptias
1727 2513 1781 2564 sive
1805 2521 1903 2580 postea,

1103 2579 1158 2634 filio
1178 2581 1218 2634 vel
1236 2579 1290 2634 tilia
1307 2581 1348 2634 vel
1366 2583 1446 2646 nepte
1463 2585 1512 2632 aut
1528 2589 1624 2648 nepote
1639 2579 1679 2634 vel
1695 2579 1816 2648 pluribus
1831 2589 1907 2648 patre

1104 2663 1150 2702 sno
1169 2647 1257 2702 adhuc
1275 2647 1332 2702 vivo
1350 2649 1392 2700 vel
1410 2653 1493 2700 matre
1511 2647 1655 2716 superstite
1678 2647 1824 2714 derelictis,
1847 2665 1907 2718 por·

1103 2717 1215 2780 tionem,
1240 2733 1309 2784 quae
1332 2715 1458 2768 defuncto
1481 2715 1535 2768 lilio
1553 2717 1594 2770 vel
1617 2717 1687 2768 filiae
1706 2715 1851 2770 debebatur
1868 2721 1908 2772 vel

1103 2783 1206 2836 lucrum
1225 2799 1256 2836 ex
1275 2801 1307 2838 ea
1324 2801 1377 2838 non
1396 2783 1430 2836 ad
1448 2783 1544 2838 iratres
1559 2785 1599 2838 vel
1616 2799 1720 2836 sorores
1739 2785 1843 2848 mortui,
1862 2789 1908 2840 sed

1103 2851 1137 2904 ad
1160 2853 1229 2904 filios
1253 2853 1309 2906 eius
1331 2851 1372 2906 vel
1395 2851 1463 2904 filias
1481 2853 1523 2906 vel
1546 2857 1656 2922 nepotes
1673 2851 1812 2920 utriusque
1829 2869 1907 2908 sexus

1103 2923 1149 2972 aut
1167 2929 1326 2988 pronepotes
1350 2919 1406 2972 avis
1423 2921 1465 2972 vel
1481 2921 1587 2988 proavis
1611 2919 1797 2988 superstitibus
1816 2937 1906 2990 perve-

1103 2989 1158 3042 nire
1186 2987 1365 3042 decernimus:
1400 2987 1512 3054 eligendi
1538 2987 1659 3042 videlieet
1685 3005 1751 3054 quos
1778 2991 1908 3044 voluerint

1103 3071 1135 3110 ex
1152 3053 1242 3110 liberis
1262 3053 1449 3124 superstitibus
1468 3071 1521 3110 non
1539 3057 1662 3126 adempta
1679 3053 1793 3110 licentia.
1829 3057 1862 3112 D.
1880 3059 1905 3112 ιι.

1102 3121 1184 3178 llari.
1202 3121 1257 3176 Illo
1275 3141 1312 3178 ιι.
1332 3139 1405 3178 coris.
1794 3131 1827 3188 [ι.
1847 3131 1905 3192 ιιι]

1136 3187 1155 3248 8
1175 3189 1254 3272 ⁰Inqo.
1274 3191 1443 3246 Instirtinnns
1461 3191 1491 3246 A.
1510 3191 1608 3248 Merrae
1624 3209 1671 3264 pp.
1713 3191 1741 3244 Si
1760 3193 1817 3260 quis
1834 3197 1906 3262 prio·

1102 3259 1138 3312 ris
1157 3259 1317 3314 matrimonii
1333 3259 1449 3312 filiorum
1471 3263 1533 3312 aute
1549 3263 1681 3316 secundas
1699 3275 1735 3314 nu
1754 3263 1806 3314 tias
1822 3265 1906 3330 patris

1103 3327 1142 3380 vel
1166 3329 1257 3380 matris
1280 3333 1401 3382 mortuus
1425 3327 1505 3380 irrerit
1528 3327 1588 3382 filiis
1612 3347 1629 3382 a
1652 3341 1681 3380 se
1701 3277 1754 3380 velp
1764 3331 1905 3398 nepotibus

1102 3395 1143 3446 vel
1160 3397 1350 3464 pronepotibus
1369 3395 1476 3460 relictis,
1495 3401 1598 3462 partem
1616 3397 1671 3450 eius
1691 3413 1743 3448 non
1761 3397 1795 3452 ad
1811 3397 1906 3452 fratres

1102 3463 1155 3528 vel,
1180 3463 1203 3516 si
1226 3463 1314 3518 nullus
1337 3461 1404 3516 alius
1425 3461 1509 3518 frater
1532 3463 1573 3518 vel
1596 3479 1672 3518 soror
1691 3463 1730 3530 sit,
1754 3463 1788 3518 ad
1805 3475 1906 3534 patrem

1102 3531 1143 3582 vel
1166 3535 1276 3584 matrem
1295 3531 1350 3584 eius
1367 3533 1513 3598 pervenire,
1538 3529 1584 3584 sed
1601 3533 1636 3584 ad
1653 3533 1721 3584 lilios
1739 3533 1780 3586 vel
1797 3543 1907 3602 nepotes

1101 3599 1142 3650 vel
1160 3603 1318 3666 pronepotes
1337 3597 1452 3652 eiusdem
1470 3605 1590 3652 mortuae
1611 3615 1743 3668 personae
1764 3605 1905 3668 sancimus,

1102 3671 1138 3732 ut,
1158 3665 1212 3720 sive
1229 3681 1299 3718 unus
1317 3667 1370 3720 sire
1388 3667 1477 3734 plures
1496 3667 1557 3730 sint,
1577 3683 1634 3722 eam
1649 3671 1830 3724 tantummodo
1844 3687 1905 3738 par·

1106 3739 1113 3784 ι
1142 3739 1196 3786 tem
1205 3733 1339 3788 vindicare
1350 3735 1462 3802 possint,
1481 3751 1548 3802 quae
1562 3743 1666 3790 mortuo
1681 3739 1812 3806 competit.
1837 3737 1905 3794 Illud

1103 3801 1181 3854 etiam
1199 3809 1271 3856 certa
1289 3801 1425 3856 sanctone
1442 3803 1551 3858 delinire
1570 3821 1722 3868 censemus,
1748 3813 1783 3872 ut,
1807 3807 1905 3876 siquis

1101 3869 1143 3920 vel
1173 3869 1195 3922 si
1226 3885 1278 3936 qna
1307 3885 1339 3922 ex
1365 3869 1454 3938 aliquo
1478 3871 1645 3926 matrimonio
1670 3871 1733 3926 liliis
1760 3877 1905 3942 procreatis

1102 3935 1207 3990 minime
1234 3937 1268 3990 ιιι
1295 3937 1425 3990 secundas
1450 3941 1550 3992 venerit
1572 3941 1692 4008 nuptias,
1719 3947 1803 3996 uteo
1826 3945 1905 3998 modo

1101 4005 1179 4058 liceat
1206 4005 1309 4070 quidem
1334 4003 1447 4072 genitori
1473 4023 1515 4058 res
1539 4023 1571 4058 cx
1594 4007 1682 4074 priore
1710 4009 1830 4078 coniugio
1856 4013 1905 4064 sibi

1102 4073 1248 4140 adquisitas
1265 4088 1315 4139 quo
1329 4071 1408 4124 modo
1418 4073 1530 4124 voluerit
1537 4075 1654 4128 alienare
1662 4075 1703 4128 vel
1713 4077 1905 4146 administrare,

1102 4139 1125 4194 si
1146 4155 1214 4208 quae
1236 4155 1297 4194 vero
1319 4157 1410 4194 earum
1432 4139 1538 4192 minime
1561 4143 1614 4196 sint
1632 4141 1777 4210 alienatae,
1803 4147 1906 4214 possint

1100 4207 1179 4262 liberi
1204 4205 1284 4260 eiiam
1308 4225 1364 4262 nou
1391 4207 1519 4262 adeuntes
1542 4223 1681 4274 paternam
1703 4215 1744 4262 ιιι
1760 4219 1905 4266 maternam

1101 4275 1275 4328 hereditatem
1298 4291 1343 4330 eas
1366 4275 1512 4342 vindicare,
1537 4283 1638 4330 certum
1657 4291 1716 4328 esse
1733 4279 1866 4334 sancimus
1877 4283 1903 4346 ¹⁰,

1101 4347 1136 4406 (ι)
1172 4343 1242 4410 quod
1265 4343 1344 4396 etiam
1368 4343 1415 4397 illa
1442 4343 1474 4396 de
1502 4349 1590 4398 cetero
1607 4343 1738 4398 videbitur
1760 4349 1905 4400 earundem

1100 4409 1184 4464 fuisse
1206 4427 1294 4466 rerum
1311 4411 1448 4478 alienatio,
1472 4427 1540 4478 quae
1557 4415 1585 4466 iu
1602 4417 1760 4466 testamento
1778 4415 1903 4482 genitoris

1101 4479 1142 4532 vel
1164 4479 1314 4546 specialiter
1337 4479 1509 4546 relinquendo
1533 4481 1574 4534 vel
1598 4481 1758 4548 generaliter
1782 4483 1905 4538 heredem

1102 4553 1116 4598 ι
1139 4549 1176 4612 (3)
1215 4547 1377 4600 instituendo
1402 4547 1476 4600 iacta
1497 4547 1539 4602 sit.
1577 4547 1668 4602 Talem
1690 4563 1752 4602 vero
1772 4549 1904 4604 boeotiam

1100 4613 1170 4678 filiis,
1188 4619 1218 4668 ut
1237 4615 1313 4669 etiam
1332 4631 1385 4668 non
1403 4615 1530 4670 adeuntes
1547 4625 1685 4684 paternam
1702 4617 1743 4670 vel
1759 4623 1904 4672 maternam

1100 4681 1274 4736 hereditatem
1295 4683 1371 4736 luera
1396 4683 1574 4748 vindicarent,
1602 4699 1670 4752 quae
1693 4699 1790 4752 parens
1815 4703 1905 4740 eorum

1101 4765 1132 4802 ιι
1150 4751 1325 4818 matrimonio,
1346 4751 1418 4820 quod
1436 4751 1551 4806 secundo
1577 4757 1635 4806 toro
1657 4751 1763 4806 minime
1784 4757 1905 4820 ιιιιιιιι,

1100 4817 1152 4872 sibi
1169 4817 1302 4886 adquisita
1318 4835 1371 4872 uon
1389 4817 1521 4882 abenavit,
1538 4821 1612 4872 nullo
1631 4819 1708 4874 modo
1727 4819 1764 4874 eis
1781 4825 1902 4876 coneedi-

1099 4901 1171 4948 mus,
1195 4887 1219 4940 si
1241 4889 1379 4954 paternam
1399 4887 1439 4940 vel
1457 4893 1604 4940 maternam
1621 4887 1793 4942 hereditatem
1811 4889 1845 4942 ab
1864 4891 1902 4942 in-

1099 4957 1196 5006 testato
1224 4967 1257 5006 ex
1283 4961 1358 5022 parte
1385 4955 1418 5017 (si
1443 4955 1513 5008 forte
1538 4955 1584 5008 alii
1610 4957 1689 5008 etiam
1715 4973 1748 5010 ex
1773 4959 1903 5012 anteriore

1099 5021 1266 5076 matrimonio
1288 5021 1411 5076 morienti
1431 5023 1537 5090 parenti
1559 5021 1608 5076 lilii
1625 5025 1686 5088 sint)
1703 5023 1755 5078 sibi
1771 5025 1903 5092 adquisie-

1101 5093 1115 5142 3
1134 5093 1171 5154 (ιιι
1205 5089 1266 5144 rint.
1298 5089 1330 5142 ln
1346 5089 1392 5142 illo
1410 5091 1490 5144 etiam
1508 5093 1623 5144 veterem
1640 5093 1803 5146 sanctionem
1821 5093 1903 5146 adim·

1100 5155 1202 5224 plantes
1225 5159 1402 5226 praecipimus
1420 5159 1539 5228 exemplo
1558 5159 1662 5222 matris,
1688 5159 1764 5212 euius
1781 5175 1824 5214 res
1842 5165 1905 5228 post

1100 5225 1231 5278 secundas
1257 5225 1365 5292 nuptias
1392 5225 1452 5278 liliis
1476 5243 1510 5280 ex
1530 5227 1619 5294 priore
1643 5227 1809 5282 matrimonio
1832 5231 1902 5282 natis

1100 5291 1252 5358 suppositae
1277 5297 1339 5346 sunt
1362 5293 1396 5346 ad
1420 5295 1601 5348 conservanda
1619 5293 1656 5348 eis
1673 5295 1764 5360 lucra,
1785 5309 1853 5364 qnae
1871 5313 1903 5348 ex

1100 5359 1188 5426 priore
1213 5361 1307 5414 marito
1334 5359 1368 5414 ιιι
1394 5375 1452 5414 eam
1475 5369 1663 5430 pervenerunt,
1691 5363 1775 5430 patris
1799 5379 1902 5432 quoque

1101 5429 1183 5492 hona,
1205 5443 1273 5496 quae
1291 5429 1371 5486 habet
1387 5429 1581 5496 habiturusque
1598 5435 1652 5496 est,
1676 5427 1737 5484 filiis
1760 5445 1793 5484 ex
1816 5433 1903 5500 priore

1099 5597 1138 5646 vei
1156 5601 1242 5648 mutuo
1258 5601 1316 5650 libri
1348 5599 1382 5664 (ι)
1392 5615 1410 5648 v
1418 5619 1464 5650 ser.
1475 5621 1527 5652 enm
1537 5605 1560 5664 6,
1571 5611 1606 5662 ιι,
1616 5611 1647 5652 ιι.
1661 5603 1686 5666 6,
1697 5613 1728 5666 ιι,
1740 5613 1752 5654 ι
1787 5603 1821 5670 (ι)
1830 5607 1902 5672 inape

1100 5669 1123 5724 b,
1140 5675 1174 5730 ιι,
1188 5677 1217 5720 ιι
1268 5669 1313 5730 (ιιι
1330 5667 1454 5718 sancimus
1472 5669 1518 5720 oet.
1533 5665 1665 5720 Mommsen
1685 5681 1755 5734 reete,
1773 5691 1827 5724 noni
1841 5691 1900 5740 quoe

1101 5737 1242 5786 antecedunt
1263 5753 1309 5786 non
1331 5747 1387 5786 sunt
1409 5737 1459 5786 nisi
1480 5737 1590 5802 repetitio
1614 5755 1633 5788 ι.
1653 5749 1665 5788 6
1686 5745 1698 5796 ι
1716 5749 1749 5802 to,
1772 5753 1905 5806 sequuntur·

1100 5819 1137 5862 eu,
1157 5819 1218 5870 quoe
1236 5813 1300 5854 certo
1319 5805 1458 5868 defiuitione
1475 5803 1572 5854 sancire
1589 5803 1739 5858 lastinianus
1757 5813 1847 5864 censuit
